2244 3370
222 261 255 312 36
545 270 666 312 sevnnn

179 357 197 400 v
222 413 402 485 conperisset,
429 412 521 466 statim
544 430 643 467 nauem
667 412 790 466 ascendit
814 419 842 465 et
863 411 899 466 ad
916 411 996 465 illum
1019 424 1032 462 5

222 503 364 574 scopulum
385 503 510 573 protinus
533 503 624 573 pergit
645 511 673 555 et
690 502 814 571 quamuis
838 502 892 555 alio
910 500 996 555 flante

221 601 315 657 uento,
330 610 410 647 caeca
422 609 470 663 spe
482 599 574 647 tamen
585 592 704 655 inhians,
714 589 818 662 ‘accipe
827 589 888 654 me,'
899 591 997 645 dicens

219 681 353 754 ‘Cupid0,
379 683 490 752 dignam
513 690 540 736 te
559 683 719 752 coniugem,
744 689 771 736 et
788 690 834 745 tu,
860 682 994 753 Zephyre,

222 773 328 844 suscipe
351 772 496 827 dominam‘
529 773 601 827 saltu
623 790 652 826 se
674 773 792 826 maximo
816 772 997 844 praecipitem

223 863 307 919 dedit.
339 880 389 916 nec
406 870 498 917 tamen
514 863 550 917 ad
564 863 641 917 illum
652 863 743 916 locum
754 862 800 916 uel
812 863 909 916 saltem
920 880 996 916 mor-
1020 877 1049 916 ιο

221 962 270 1008 tua
281 954 424 1024 peruenire
436 954 534 1023 potuit.
561 971 625 1007 nam
637 970 685 1023 per
702 970 767 1007 saxa
779 952 899 1007 cautium
910 970 998 1006 mem-

222 1044 279 1100 bris
296 1043 403 1098 iactatis
422 1050 502 1114 atque
521 1043 661 1114 dissipatis
679 1050 707 1096 et
724 1043 837 1113 proinde
856 1051 887 1096 ut
909 1059 997 1096 mere-

222 1135 304 1188 batur
326 1133 451 1188 laceratis
474 1133 626 1187 uisceribus
644 1133 701 1187 suis
718 1133 828 1186 alitibus
845 1133 997 1203 bestiisque

223 1224 335 1279 obuium
358 1223 449 1277 ferens
472 1223 603 1294 pabulum
626 1224 737 1277 interiit.
782 1240 831 1276 nec
855 1223 997 1278 uindictae

222 1314 360 1385 sequentis
371 1330 460 1383 poena
473 1314 602 1367 tardauit.
623 1331 686 1367 nam
699 1313 802 1384 Psyche
814 1330 908 1367 rursus
921 1331 997 1368 erra·
1021 1332 1049 1371 15

221 1405 317 1459 bundo
335 1403 422 1473 gradu
439 1404 565 1473 peruenit
582 1403 617 1457 ad
631 1404 771 1457 ciuitatem
789 1403 879 1467 aliam,
900 1403 999 1474 inqua

222 1496 282 1567 pari
294 1495 375 1563 modo
388 1510 464 1547 soror
475 1494 633 1547 morabatur
645 1493 707 1548 alia.
727 1512 778 1547 nec
791 1494 876 1548 setius
893 1504 921 1548 et
936 1495 999 1565 ipsa

222 1585 330 1640 fallacie
348 1583 536 1653 germanitatis
553 1583 667 1638 inducta
684 1591 712 1637 et
726 1585 756 1638 in
769 1585 868 1638 sororis
881 1584 997 1639 scelera·

222 1684 264 1731 tas
283 1675 393 1746 nuptias
411 1674 517 1728 aemula
535 1674 677 1728 festinauit
695 1674 732 1728 ad
749 1675 890 1745 scopulum
911 1675 997 1744 inque

222 1766 311 1821 simile
329 1764 423 1819 mortis
442 1764 555 1818 exitium
573 1764 679 1818 cecidit.
1019 1779 1049 1820 20

172 1859 204 1912 28
273 1855 387 1910 Interim
405 1855 470 1909 dum
489 1854 591 1926 Psyche
609 1854 773 1924 quaesitioni
789 1853 933 1925 Cupidinis
952 1856 999 1909 in·

221 1954 299 2001 tenta
318 1945 432 2016 populos
451 1945 624 2009 circumibat;
651 1952 679 1999 at
702 1945 749 1999 ille
771 1943 885 1999 uulnere
906 1944 998 1999 lucer-

223 2054 275 2093 nae
293 2035 388 2090 dolens
413 2036 441 2089 in
465 2036 524 2106 ipso
549 2035 668 2089 thalamo
690 2035 784 2089 matris
806 2035 898 2089 iacens
915 2035 998 2104 inge·

222 2128 322 2181 mebat.
356 2133 421 2180 tunc
441 2126 500 2180 auis
518 2124 630 2197 peralba
647 2124 694 2179 illa
711 2127 806 2195 gauia,
826 2142 895 2195 quae
913 2143 998 2196 super

223 2216 323 2271 fluctus
339 2216 459 2270 marinos
476 2216 568 2286 pinnis
586 2221 677 2277 natat,
703 2215 837 2284 demergit
855 2232 913 2268 sese
931 2232 997 2285 pro·
1019 2228 1033 2267 o

223 2325 287 2379 pere
305 2306 341 2361 ad
358 2306 454 2360 oceani
472 2304 639 2375 profundum
656 2305 797 2373 gremium.
820 2304 860 2359 ibi
878 2322 998 2359 commo·

223 2399 289 2454 dum
299 2398 434 2452 Venerem
449 2396 587 2450 leuantem
604 2401 795 2464 natantemque
808 2404 918 2467 propter
930 2396 999 2450 assi-

223 2495 299 2544 stens
319 2487 423 2542 indicat
440 2487 567 2541 adustum
585 2485 670 2541 filium
688 2486 755 2550 eius,
778 2486 856 2555 graui
874 2484 997 2540 uulneris

224 2586 378 2598 ...ι-..-

254 2608 256 2613 l
279 2635 374 2689 lcecal
396 2636 591 2687 ltpabulumso:
606 2635 711 2685 psuulum
730 2630 734 2686 Ι
757 2634 850 2685 15ρφιη
870 2632 875 2688 Ι
897 2635 998 2677 tenua-

223 2711 257 2761 cis
275 2714 286 2757 ΙΙ
304 2709 445 2760 lquesltioni
465 2705 469 2761 Ι
490 2706 602 2750 tlucsrns
619 2704 625 2761 l
646 2705 716 2747 lauis
725 2704 767 2746 dcl.
780 2706 899 2748 Husllsrus
908 2719 930 2748 a.
939 2719 995 2748 mus.

223 2782 291 2825 ntea
304 2780 418 2832 xmp.
431 2781 470 2821 stt

157 3082 847 3364 Μ
