2244 3370
198 301 218 342 Y

243 209 273 262 10
565 222 685 263 anvnnn

241 363 287 416 dat
305 364 396 416 lucum
414 364 533 433 proceris
551 372 579 418 et
601 363 687 417 uastis
705 363 847 417 arboribus
866 364 1011 427 consitum,
1035 377 1048 416 5

242 452 318 507 uidet
335 452 439 507 fontem
457 454 546 508 uitreo
564 454 643 508 latiae
662 453 831 524 perlucidum
849 454 939 507 medio
957 454 1014 507 luoi

240 543 399 598 meditullio.
437 561 519 614 prope
542 534 631 597 sontis
653 542 794 614 adlapsum
816 543 913 597 domus
938 544 1014 612 regia

241 641 297 698 est,
326 633 467 687 aedificata
485 651 540 686 non
558 634 685 687 humanis
703 633 828 687 manibus
846 634 895 687 sed
912 633 1014 687 diuinis

162 788 166 796 ¹
241 723 353 777 artibus.
374 723 428 777 iam
446 723 514 777 soles
532 725 566 777 ab
581 723 695 778 introitu
706 723 793 794 primo
806 724 850 777 dei
862 724 1014 795 cuiuspiam

240 813 409 868 luculentum
432 822 460 868 et
482 831 626 867 amoenum
651 814 744 868 uidere
766 822 793 867 te
821 814 1010 868 diuersorium.
1036 822 1065 862 ¹0

243 921 306 957 nam
317 921 421 957 summa
433 902 571 973 laquearia
583 904 650 958 citro
664 912 692 957 et
703 905 785 958 ebore
798 903 904 958 curiose
917 914 1014 958 cauata

241 995 361 1048 subeunt
372 1012 469 1048 aureae
482 995 633 1059 columnae,
647 995 765 1064 parietes
777 1011 871 1047 omnes
882 1003 1014 1064 argenteo

241 1084 389 1138 caelamine
407 1092 605 1154 conteguntur,
630 1084 724 1139 bestiis
743 1092 771 1138 et
788 1084 911 1153 setigeris
928 1102 1014 1154 pecu-

242 1175 322 1229 dibus
343 1174 548 1229 occurrentibus
572 1175 606 1227 ob
632 1193 662 1228 os
686 1174 891 1228 introeuntium.
928 1175 1014 1229 mirus

241 1282 364 1335 prorsum
375 1265 466 1329 homo,
485 1265 567 1318 immo
581 1264 716 1319 semideus
727 1265 772 1318 uel
785 1271 858 1318 carte
871 1264 948 1327 deus,
966 1265 1015 1334 qui
1036 1278 1066 1318 15

241 1344 357 1424 magnae
380 1355 444 1408 artis
468 1355 618 1425 suptilitate
642 1363 748 1408 tantum
770 1355 895 1409 adorauit
912 1371 1013 1424 argen-

242 1453 308 1497 tum.
324 1446 463 1498 enimuero
475 1445 633 1515 pauimenta
645 1446 704 1516 ipsa
716 1445 806 1515 lapide
819 1445 938 1515 pretioso
951 1463 1013 1499 aaa·

242 1535 293 1588 sim
311 1535 451 1588 deminuto
469 1533 497 1587 in
516 1536 592 1589 uaria
609 1536 730 1606 picturae
754 1552 856 1604 genera
880 1535 1014 1589 discrimi-

242 1634 350 1680 nantur.
374 1624 550 1679 uehementer
561 1625 659 1679 iterum
672 1644 702 1680 ao
716 1626 822 1695 saepius
833 1626 929 1679 beatos
940 1625 1012 1690 illos,

242 1717 289 1787 qui
308 1718 387 1786 super
405 1732 524 1785 gemmas
537 1722 565 1769 et
576 1716 687 1770 monilia
699 1716 817 1770 caleant!
840 1716 895 1768 iam
908 1722 1015 1770 ceterae
1035 1723 1065 1764 20

242 1815 332 1877 partas
349 1806 431 1875 longe
449 1806 557 1876 lateque
576 1805 722 1876 dispositae
741 1806 838 1860 domus
855 1805 913 1859 sine
926 1806 1014 1875 pretio

242 1897 376 1966 pretiosae
397 1897 503 1968 totique
527 1897 645 1967 parietes
669 1896 777 1950 solidati
803 1895 898 1950 massis
924 1896 1015 1950 aureis

243 1987 386 2058 splendore
404 1988 513 2057 proprio
532 1995 690 2051 coruscant,
716 1994 747 2041 ut
765 1986 837 2040 diem
858 2003 937 2040 suum
961 1986 1014 2039 sibi

244 2078 338 2131 domus
357 2076 439 2131 iaciat
457 2077 521 2132 licet
538 2077 595 2130 sole
614 2077 738 2142 nolente;
759 2077 797 2131 sia
815 2076 954 2140 cubicula,
976 2076 1014 2129 sio

242 2167 373 2237 porticus,
394 2167 431 2220 sio
450 2167 525 2237 ipsae
542 2166 658 2220 balneae
677 2165 826 2236 fulgurant.
861 2184 910 2220 neo
930 2166 1014 2219 setius
1035 2180 1065 2222 25

297 2364 310 2405 8
321 2365 422 2405 edificata
433 2360 438 2415 Ι
450 2364 476 2405 10
486 2362 564 2415 amauri
576 2360 581 2416 Ι
592 2362 674 2404 uider&
683 2362 779 2403 rodendo
789 2365 907 2402 conectam
919 2359 923 2415 Ι
940 2362 1014 2402 diuer-

242 2435 360 2484 sorit‘rso:
380 2436 501 2476 diuersorir't
522 2435 527 2486 Ι
549 2436 572 2476 11
590 2435 687 2486 auriota·
705 2432 709 2488 Ι
731 2435 757 2475 13
773 2439 795 2475 et
810 2433 1016 2486 setigerislasniaa

244 2508 310 2557 (eoas.
321 2507 378 2548 dior.
389 2507 498 2549 aroloaol.
511 2507 601 2550 XXIII
611 2519 636 2558 p.
649 2506 697 2557 tat·
712 2506 730 2546 tr
743 2504 767 2546 id
783 2516 832 2558 gam
851 2504 856 2557 Ι
876 2507 900 2546 15
916 2517 1015 2556 prorsum

242 2592 318 2632 magne
332 2580 384 2621 artis
401 2580 465 2620 homo
483 2576 487 2633 Ι
504 2580 558 2620 deus
574 2581 611 2621 uel
626 2584 683 2621 certa
697 2579 804 2619 semideus
814 2578 917 2620 Paroreius
931 2577 1014 2618 obem.

218 2659 222 2666 ·
242 2653 287 2693 iur.
300 2664 325 2702 p.
342 2651 369 2692 89
387 2649 391 2705 Ι
410 2654 435 2694 17
450 2653 514 2694 aaslrn
532 2650 536 2706 Ι
553 2651 694 2702 ἳθιοωροτς
710 2649 714 2702 Ι
731 2649 758 2692 rt
768 2651 850 2692 faciant
867 2647 871 2703 Ι
888 2649 915 2692 25
925 2654 947 2690 et
957 2649 1016 2699 ipsae

245 2724 361 2764 Michaelis
372 2724 377 2774 Ι
388 2726 468 2766 ualuas
478 2735 490 2770 ς
