2244 3370
243 263 275 313 20
566 270 686 310 arrian

199 365 217 406 V
239 414 313 468 beati
330 430 446 482 quorum
465 412 574 466 diuitias
598 429 677 465 nemo
702 412 788 475 nouit.
821 413 888 466 sciet
911 430 941 466 se
959 430 1015 465 non

240 504 353 557 ancillas
371 502 420 556 sed
437 519 541 556 sorores
558 502 660 555 habere
676 502 799 556 maiores.
820 510 849 556 et
866 503 1017 574 nunc'qui-

240 594 302 647 dem
326 593 505 646 concedamus
530 592 565 645 ad
588 592 698 645 maritos
725 602 753 646 et
782 593 852 646 lares
881 611 1016 664 pauperes
1037 609 1066 648 30

239 691 346 737 nostros
364 683 414 736 sed
430 682 510 751 plane
529 683 633 735 sobrios
650 682 810 745 renisamus‚
832 683 951 753 donique
967 701 1015 737 co-

239 773 417 843 gitationibus
452 772 632 843 pressioribus
662 773 811 826 instructae
847 773 883 826 ad
917 790 1015 845 super-

191 871 220 921 11
239 864 311 917 biam
329 862 511 932 poeniendam
529 862 659 916 firmiores
676 860 836 940 redeamus.²
857 863 947 932 placet
964 881 1014 934 pro

238 954 312 1007 bono
326 953 432 1006 duabus
450 953 527 1007 malis
545 953 645 1007 malum
657 952 809 1017 consilium,
829 953 947 1023 totisque
960 955 1016 1008 illis

238 1052 295 1097 tam
318 1043 443 1113 pretiosis
466 1043 625 1096 muneribus
649 1042 817 1097 absconditis
835 1061 939 1098 comam
957 1052 1015 1099 tra-

239 1136 335 1188 hentes
360 1141 388 1186 et
411 1133 527 1203 proinde
550 1140 581 1186 ut
602 1135 777 1193 merebantur
799 1150 847 1187 ora
864 1134 1015 1188 lacerantes

239 1224 379 1278 simulatos
396 1223 585 1296 redintegrant
600 1222 689 1276 fletus.
710 1240 741 1277 ac
753 1223 792 1278 sic
804 1231 930 1294 parentes
943 1242 1015 1295 quo·
1054 1238 1067 1276 5

238 1332 290 1385 que
306 1314 477 1367 redulcerato
495 1331 619 1383 prorsum
631 1313 724 1366 dolore
736 1314 833 1383 raptim
846 1314 1012 1379 deserentes,

238 1405 350 1458 uesania
372 1403 498 1473 turgidae
517 1404 612 1457 domus
630 1420 692 1457 suas
710 1405 902 1478 contendunt„
921 1405 1015 1459 dolum

239 1495 391 1558 scelestum,
416 1494 497 1546 immo
516 1510 581 1547 uero
599 1494 774 1563 parricidium
793 1501 928 1548 struentes
947 1513 1015 1549 con-

238 1594 281 1640 tra
298 1602 416 1639 sororem
435 1584 580 1636 insontem.
719 1579 721 1583 ’

290 1676 399 1728 Interea
410 1673 536 1744 Psychen
553 1675 666 1728 maritus
684 1674 729 1728 ille
747 1692 829 1745 quem
847 1678 935 1730 nescit
952 1695 1014 1731 rur-
1038 1695 1066 1735 ro
1120 1662 1121 1665 Ἴ

239 1784 298 1820 sum
316 1765 371 1819 suis
389 1765 443 1818 illis
462 1765 605 1818 nocturnis
623 1765 791 1818 sermonibus
809 1764 847 1819 sic
859 1776 1015 1821 commonet

236 1854 374 1920 uidesne,
400 1862 532 1925 quantum
552 1854 603 1908 tibi
627 1854 778 1924 periculum
795 1855 925 1910 uelitatur
943 1856 1015 1910 For-

238 1955 306 2000 tuna
323 1947 449 2000 eminus?
478 1963 523 2010 ac,
550 1945 603 1998 nisi
625 1945 706 2014 longe
725 1945 837 1999 firmiter
854 1964 1012 2016 praecones,

239 2055 303 2091 mox
331 2037 482 2091 comminus
511 2035 709 2105 congredietur.
754 2035 874 2105 perfidae
904 2037 1015 2107 lupulae

241 2127 346 2196 magnis
365 2127 507 2180 conatibus
524 2125 642 2178 nefarias
655 2125 768 2179 insidias
780 2126 831 2179 tibi
844 2136 1012 2196 comparant,
1038 2146 1068 2186 15

241 2234 356 2287 quarum
375 2234 478 2270 summa
496 2224 537 2269 est
553 2223 584 2268 ut
599 2223 626 2268 te
643 2215 775 2268 suadeant
787 2232 862 2269 meos
874 2216 1014 2285 explorare

241 2307 344 2370 uultus,
364 2323 442 2376 quos,
463 2313 493 2358 ut
510 2305 561 2359 tibi
578 2322 656 2375 saepe
675 2305 807 2375 praedixi,
828 2322 883 2359 non
895 2306 1013 2372 uidebis,

243 2395 265 2450 si
284 2395 393 2450 uideris.
432 2411 496 2464 ergo
521 2394 604 2465 igitur
627 2394 650 2448 si
672 2395 783 2464 posthac
800 2395 932 2465 pessimae
950 2395 1015 2450 illae

242 2486 337 2541 lamiae
366 2485 454 2540 noxiis
478 2486 575 2540 animis
598 2492 716 2539 armatae
740 2485 867 2539 uenerint
892 2486 1017 2551 (uenient

296 2705 322 2745 ³1
333 2705 427 2755 donique
437 2703 545 2745 Iahnius:
560 2705 641 2754 diuque
655 2707 665 2751 ΙΙ
681 2703 693 2745 6
704 2704 836 2744 deterrentes
852 2700 856 2756 Ι
876 2702 1005 2755 lassaris!

243 2776 267 2818 11
277 2776 321 2817 illie
330 2776 360 2823 s:
374 2776 411 2817 ille
