2244 3370
242 208 272 257 18
558 214 677 255 APVLEII

204 303 222 344 v
239 335 356 413 satiante
374 365 526 427 postremus
545 365 639 426 partus
652 354 757 421 effudit,
777 355 862 408 tantis
876 355 976 425 opibus
989 365 1019 411 et

240 450 291 503 deo
309 447 407 501 marito
426 447 514 517 potita
532 446 582 511 sit,
609 462 679 516 quae
701 462 751 499 nec
775 446 816 499 uti
839 455 912 499 recte
936 454 1017 499 tanta

239 541 374 593 bonorum
393 537 472 607 copia
490 537 589 590 nouit?
612 536 723 598 uidisti,
749 553 839 600 soror,
864 546 968 605 quanta
985 536 1017 589 in

241 631 321 683 domo
345 628 435 681 iacent
458 634 486 682 et
506 625 598 695 qualia
615 625 744 689 monilia,
770 643 840 696 quae
857 625 1017 695 praenitent

240 730 340 783 uestes,
360 735 430 788 quae
449 716 619 787 splenditant
636 732 768 785 gemmae,
788 722 922 785 quantum
934 731 1014 784 pree·
1038 732 1068 771 15

239 817 314 863 terea
336 809 437 879 passim
459 807 579 861 calcatur
602 823 706 860 aurum.
743 807 817 876 quod
840 804 863 858 si
886 804 1015 858 maritum

240 900 322 954 etiam
345 911 402 955 tam
427 898 595 951 formonsum
618 904 695 950 tenet
718 904 749 950 ut
772 895 905 959 affirmat,
937 894 1015 948 nulla

241 1007 313 1044 nunc
331 989 361 1041 in
380 989 445 1042 orbe
463 995 522 1041 toto
541 986 647 1040 felicior
664 986 750 1050 uiuit;
779 984 904 1039 fortassis
921 994 1015 1039 temen

240 1079 404 1150 procedente
429 1077 628 1131 consuetudine
652 1086 680 1131 et
702 1076 857 1130 adfectione
884 1075 1016 1128 roboreto

241 1170 319 1223 deum
337 1185 446 1238 quoque
464 1167 539 1221 illam
558 1168 625 1221 deus
642 1168 756 1221 maritus
775 1165 884 1219 efficiet.
917 1165 955 1217 sic
974 1175 1017 1218 est
1036 1173 1068 1215 20

239 1258 372 1321 hercules,
392 1258 431 1312 sic
449 1275 478 1311 se
497 1259 610 1326 gerebat
626 1258 794 1327 ferebatque.
825 1256 935 1309 iamiam
953 1273 1015 1309 sur-

240 1367 301 1403 sum
319 1348 429 1419 respicit
447 1356 474 1401 et
493 1348 572 1402 deam
594 1348 679 1418 spirat
700 1347 812 1410 mulier,
838 1362 908 1416 quae
931 1363 1015 1399 uoces

242 1439 353 1493 ancillas
371 1439 455 1492 habet
472 1445 500 1491 et
518 1438 609 1491 uentis
626 1436 693 1508 ipsis
711 1438 835 1507 imperat.
856 1446 885 1490 st
898 1452 949 1504 ego
961 1436 1015 1489 mi-

242 1547 302 1583 sera
319 1528 435 1598 primum
453 1534 530 1597 patre
548 1545 608 1581 meo
627 1527 762 1580 seniorem
779 1527 906 1580 maritum
918 1526 1016 1580 sortita

243 1638 316 1683 sum,
342 1619 406 1672 dein
425 1617 567 1671 cucurbita
584 1617 731 1671 calniorem
754 1626 782 1670 et
806 1616 904 1688 quouis
928 1633 1015 1686 puero
1036 1629 1089 1695 25,

242 1704 419 1781 pusilliorem,
439 1714 565 1761 cunctam
584 1707 694 1760 domum
712 1707 778 1760 seris
796 1716 824 1760 et
841 1704 944 1759 catenis
963 1706 1016 1760 ob-

193 1808 224 1858 10
243 1801 329 1854 ditem
346 1793 564 1852 custodientem‘
597 1797 711 1868 suscipit
729 1796 782 1851 alia
797 1794 858 1865 'ego
876 1813 942 1849 uero
955 1814 1016 1849 ma-

241 1891 326 1943 ritum
344 1888 481 1943 articulari
499 1888 583 1942 etiam
600 1889 695 1942 morbo
714 1886 903 1957 complicatum
916 1902 1017 1940 curua-
1110 1892 1113 1961 j

243 1990 354 2050 tumque
372 1994 403 2032 ac
421 1996 469 2049 per
481 1980 533 2032 hoc
546 1978 683 2032 rarissimo
696 1994 824 2031 uenerem
836 1993 924 2029 meam
936 1993 1017 2030 reco-

243 2069 344 2124 lentem
362 2070 493 2133 sustineo,
513 2068 671 2138 plerumque
687 2067 809 2121 detortos
822 2076 849 2121 et
861 2066 973 2120 duratos
986 2065 1016 2120 in

299 2277 324 2317 lt
335 2278 477 2325 formosum!
490 2273 494 2329 Ι
512 2278 537 2319 19
547 2279 648 2318 roborata
659 2277 710 2326 sp:
721 2278 808 2317 roborts
826 2275 830 2327 Ι
846 2274 872 2316 2³
883 2276 975 2326 imperat
985 2287 1017 2325 p:

243 2335 355 2399 impertiat
365 2348 385 2389 F
393 2356 445 2389 ”rat
453 2348 475 2389 Ρ
487 2348 510 2388 s'n
520 2360 589 2399 narro.
607 2346 612 2399 Ι
628 2346 654 2388 25
665 2348 793 2400 Fulpentr'as
808 2359 879 2398 expos.
890 2358 955 2388 mm.
965 2352 1015 2389 ant.

240 2433 265 2471 p·
277 2420 317 2462 562
328 2422 432 2471 Apuleius
441 2422 464 2462 in
475 2421 535 2461 asino
551 2432 616 2461 aureo
630 2420 715 2462 inducit
729 2432 811 2461 sorores
821 2419 917 2471 Psychae
931 2419 1017 2461 marius

244 2494 376 2535 detrahentis
392 2493 477 2544 ‘quouis
491 2504 559 2543 puero
569 2492 705 2542 pumiliorem
716 2497 738 2532 et
748 2492 861 2533 cucurbita
869 2491 1019 2542 glabriorem)

244 2565 345 2615 pumilios
356 2565 413 2605 enim
424 2564 501 2605 dicunt
510 2565 585 2605 molles
595 2569 660 2614 atque
670 2575 768 2615 enerues,
778 2564 876 2615 glabrum
883 2575 935 2604 uero
943 2564 1018 2605 leuem

245 2641 267 2676 et
275 2637 399 2677 imberbem·
418 2633 423 2690 1
440 2635 467 2677 lb
477 2637 541 2676 serris
550 2635 667 2685 stertire
689 2638 698 2683 ll
717 2634 729 2676 2
740 2640 762 2676 et
772 2636 797 2675 lt
805 2633 826 2674 F
834 2634 875 2675 del.
886 2632 915 2682 s*
932 2630 936 2686 Ι
953 2634 1017 2675 {lue-

245 2720 296 2749 nere
306 2711 324 2757 s
328 2708 336 2730 *
