<?xml version="1.0" encoding="UTF-8"?>
<!DOCTYPE html PUBLIC "-//W3C//DTD XHTML 1.0 Transitional//EN"
    "http://www.w3.org/TR/xhtml1/DTD/xhtml1-transitional.dtd">
<html xmlns="http://www.w3.org/1999/xhtml" xml:lang="en" lang="en">
 <head>
  <title>
</title>
<meta http-equiv="Content-Type" content="text/html;charset=utf-8" />
  <meta name='ocr-system' content='tesseract 3.04.00' />
  <meta name='ocr-capabilities' content='ocr_page ocr_carea ocr_par ocr_line ocrx_word'/>
</head>
<body>
  <div class='ocr_page' id='page_1' title='image "apvleiipsycheet00jahngoog_0055.png"; bbox 0 0 2244 3370; ppageno 0'>
   <div class='ocr_carea' id='block_1_1' title="bbox 253 258 697 313">
    <p class='ocr_par' dir='ltr' id='par_1_1' title="bbox 253 258 697 313">
     <span class='ocr_line' id='line_1_1' title="bbox 253 258 697 313; baseline 0.005 -4"><span class='ocrx_word' id='word_1_1' title='bbox 253 258 286 310; x_wconf 74' lang='lat'><strong>³2</strong></span> <span class='ocrx_word' id='word_1_2' title='bbox 577 270 697 313; x_wconf 76' lang='lat' dir='ltr'><strong>sennan</strong></span> 
     </span>
    </p>
   </div>
   <div class='ocr_carea' id='block_1_2' title="bbox 214 353 1028 476">
    <p class='ocr_par' dir='ltr' id='par_1_2' title="bbox 214 353 1028 476">
     <span class='ocr_line' id='line_1_2' title="bbox 214 353 1028 476; baseline 0.004 -10"><span class='ocrx_word' id='word_1_3' title='bbox 214 353 332 466; x_wconf 72' lang='lat' dir='ltr'><strong>vtetius</strong></span> <span class='ocrx_word' id='word_1_4' title='bbox 356 410 497 466; x_wconf 90' lang='lat' dir='ltr'><strong>dominum</strong></span> <span class='ocrx_word' id='word_1_5' title='bbox 521 412 628 476; x_wconf 88' lang='lat' dir='ltr'><strong>aduris,</strong></span> <span class='ocrx_word' id='word_1_6' title='bbox 655 430 717 466; x_wconf 88' lang='lat' dir='ltr'><strong>cum</strong></span> <span class='ocrx_word' id='word_1_7' title='bbox 742 421 770 466; x_wconf 82' lang='lat' dir='ltr'><strong>te</strong></span> <span class='ocrx_word' id='word_1_8' title='bbox 794 414 898 468; x_wconf 81' lang='lat' dir='ltr'><strong>scilicet</strong></span> <span class='ocrx_word' id='word_1_9' title='bbox 921 424 1028 469; x_wconf 86' lang='lat' dir='ltr'><strong>amator</strong></span> 
     </span>
    </p>
   </div>
   <div class='ocr_carea' id='block_1_3' title="bbox 198 500 1112 2464">
    <p class='ocr_par' dir='ltr' id='par_1_3' title="bbox 198 500 1112 2464">
     <span class='ocr_line' id='line_1_3' title="bbox 248 500 1076 575; baseline 0.002 -19"><span class='ocrx_word' id='word_1_10' title='bbox 248 500 345 571; x_wconf 80' lang='lat' dir='ltr'><strong>aliquis</strong></span> <span class='ocrx_word' id='word_1_11' title='bbox 369 508 400 556; x_wconf 83' lang='lat' dir='ltr'><strong>ut</strong></span> <span class='ocrx_word' id='word_1_12' title='bbox 423 501 526 556; x_wconf 85' lang='lat' dir='ltr'><strong>diutius</strong></span> <span class='ocrx_word' id='word_1_13' title='bbox 550 502 650 575; x_wconf 86' lang='lat' dir='ltr'><strong>cupitis</strong></span> <span class='ocrx_word' id='word_1_14' title='bbox 674 502 757 555; x_wconf 85' lang='lat' dir='ltr'><strong>etiam</strong></span> <span class='ocrx_word' id='word_1_15' title='bbox 783 511 863 557; x_wconf 86' lang='lat' dir='ltr'><strong>nocte</strong></span> <span class='ocrx_word' id='word_1_16' title='bbox 889 504 1028 574; x_wconf 82' lang='lat' dir='ltr'><strong>potiretur</strong></span> <span class='ocrx_word' id='word_1_17' title='bbox 1047 515 1076 558; x_wconf 78' lang='lat'><strong>20</strong></span> 
     </span>
     <span class='ocr_line' id='line_1_4' title="bbox 248 590 1026 663; baseline 0.006 -18"><span class='ocrx_word' id='word_1_18' title='bbox 248 590 350 663; x_wconf 85' lang='lat' dir='ltr'><strong>primus</strong></span> <span class='ocrx_word' id='word_1_19' title='bbox 374 590 519 646; x_wconf 87' lang='lat' dir='ltr'><strong>inuenerit.</strong></span> <span class='ocrx_word' id='word_1_20' title='bbox 557 592 596 647; x_wconf 89' lang='lat' dir='ltr'><strong>sic</strong></span> <span class='ocrx_word' id='word_1_21' title='bbox 620 592 727 646; x_wconf 82' lang='lat' dir='ltr'><strong>inustus</strong></span> <span class='ocrx_word' id='word_1_22' title='bbox 750 593 847 647; x_wconf 81' lang='lat' dir='ltr'><strong>exiluit</strong></span> <span class='ocrx_word' id='word_1_23' title='bbox 864 593 932 647; x_wconf 87' lang='lat' dir='ltr'><strong>deus</strong></span> <span class='ocrx_word' id='word_1_24' title='bbox 951 595 1026 650; x_wconf 86' lang='lat' dir='ltr'><strong>uisa-</strong></span> 
     </span>
     <span class='ocr_line' id='line_1_5' title="bbox 248 676 1112 753; baseline 0.003 -17"><span class='ocrx_word' id='word_1_25' title='bbox 248 698 299 753; x_wconf 86' lang='lat' dir='ltr'><strong>que</strong></span> <span class='ocrx_word' id='word_1_26' title='bbox 318 680 440 739; x_wconf 81' lang='lat' dir='ltr'><strong>deiectae</strong></span> <span class='ocrx_word' id='word_1_27' title='bbox 464 680 528 736; x_wconf 86' lang='lat' dir='ltr'><strong>fldei</strong></span> <span class='ocrx_word' id='word_1_28' title='bbox 552 682 671 736; x_wconf 85' lang='lat' dir='ltr'><strong>colluuie</strong></span> <span class='ocrx_word' id='word_1_29' title='bbox 695 700 805 752; x_wconf 84' lang='lat' dir='ltr'><strong>prorsus</strong></span> <span class='ocrx_word' id='word_1_30' title='bbox 830 676 864 736; x_wconf 68' lang='lat' dir='ltr'><strong>ex</strong></span> <span class='ocrx_word' id='word_1_31' title='bbox 887 683 975 738; x_wconf 88' lang='lat' dir='ltr'><strong>oculis</strong></span> <span class='ocrx_word' id='word_1_32' title='bbox 999 693 1027 738; x_wconf 85' lang='lat' dir='ltr'><strong>et</strong></span> <span class='ocrx_word' id='word_1_33' title='bbox 1111 684 1112 689; x_wconf 75' lang='grc'>’</span> 
     </span>
     <span class='ocr_line' id='line_1_6' title="bbox 249 770 1024 841; baseline 0.001 -16"><span class='ocrx_word' id='word_1_34' title='bbox 249 770 374 826; x_wconf 89' lang='lat' dir='ltr'><strong>manibus</strong></span> <span class='ocrx_word' id='word_1_35' title='bbox 398 771 600 826; x_wconf 85' lang='lat' dir='ltr'><strong>infelicissimae</strong></span> <span class='ocrx_word' id='word_1_36' title='bbox 625 772 751 841; x_wconf 83' lang='lat' dir='ltr'><strong>coniugis</strong></span> <span class='ocrx_word' id='word_1_37' title='bbox 774 772 873 827; x_wconf 84' lang='lat' dir='ltr'><strong>tacitus</strong></span> <span class='ocrx_word' id='word_1_38' title='bbox 891 773 1024 828; x_wconf 87' lang='lat' dir='ltr'><strong>auclauit.</strong></span> 
     </span>
     <span class='ocr_line' id='line_1_7' title="bbox 198 860 1026 933; baseline 0.006 -20"><span class='ocrx_word' id='word_1_39' title='bbox 198 860 230 913; x_wconf 74' lang='lat'><strong>²4</strong></span> <span class='ocrx_word' id='word_1_40' title='bbox 249 869 277 917; x_wconf 85' lang='lat' dir='ltr'><strong>at</strong></span> <span class='ocrx_word' id='word_1_41' title='bbox 294 861 398 933; x_wconf 77' lang='lat' dir='ltr'><strong>Psyche</strong></span> <span class='ocrx_word' id='word_1_42' title='bbox 423 861 514 916; x_wconf 87' lang='lat' dir='ltr'><strong>statim</strong></span> <span class='ocrx_word' id='word_1_43' title='bbox 538 861 705 933; x_wconf 80' lang='lat' dir='ltr'><strong>resurgentis</strong></span> <span class='ocrx_word' id='word_1_44' title='bbox 729 863 787 916; x_wconf 84' lang='lat' dir='ltr'><strong>eius</strong></span> <span class='ocrx_word' id='word_1_45' title='bbox 811 881 889 916; x_wconf 86' lang='lat' dir='ltr'><strong>crure</strong></span> <span class='ocrx_word' id='word_1_46' title='bbox 910 863 1026 918; x_wconf 78' lang='lat' dir='ltr'><strong>dextero</strong></span> 
     </span>
     <span class='ocr_line' id='line_1_8' title="bbox 249 951 1026 1022; baseline 0 -15"><span class='ocrx_word' id='word_1_47' title='bbox 249 951 374 1007; x_wconf 85' lang='lat' dir='ltr'><strong>manibus</strong></span> <span class='ocrx_word' id='word_1_48' title='bbox 392 951 524 1006; x_wconf 86' lang='lat' dir='ltr'><strong>ambabus</strong></span> <span class='ocrx_word' id='word_1_49' title='bbox 541 952 654 1022; x_wconf 78' lang='lat' dir='ltr'>adrepto</span> <span class='ocrx_word' id='word_1_50' title='bbox 673 952 797 1006; x_wconf 88' lang='lat' dir='ltr'><strong>sublimis</strong></span> <span class='ocrx_word' id='word_1_51' title='bbox 809 953 961 1007; x_wconf 82' lang='lat' dir='ltr'><strong>euectionis</strong></span> <span class='ocrx_word' id='word_1_52' title='bbox 974 954 1026 1007; x_wconf 88' lang='lat' dir='ltr'><strong>ad-</strong></span> 
     </span>
     <span class='ocr_line' id='line_1_9' title="bbox 249 1040 1026 1114; baseline 0.001 -17"><span class='ocrx_word' id='word_1_53' title='bbox 249 1041 349 1114; x_wconf 84' lang='lat' dir='ltr'><strong>pendix</strong></span> <span class='ocrx_word' id='word_1_54' title='bbox 373 1040 526 1096; x_wconf 86' lang='lat' dir='ltr'><strong>miseranda</strong></span> <span class='ocrx_word' id='word_1_55' title='bbox 549 1050 577 1095; x_wconf 85' lang='lat' dir='ltr'><strong>et</strong></span> <span class='ocrx_word' id='word_1_56' title='bbox 595 1059 643 1112; x_wconf 87' lang='lat' dir='ltr'><strong>per</strong></span> <span class='ocrx_word' id='word_1_57' title='bbox 667 1042 775 1096; x_wconf 85' lang='lat' dir='ltr'><strong>nubilas</strong></span> <span class='ocrx_word' id='word_1_58' title='bbox 798 1042 891 1114; x_wconf 79' lang='lat' dir='ltr'><strong>plagas</strong></span> <span class='ocrx_word' id='word_1_59' title='bbox 909 1042 1026 1114; x_wconf 85' lang='lat' dir='ltr'><strong>pchduli</strong></span> 
     </span>
     <span class='ocr_line' id='line_1_10' title="bbox 248 1132 1026 1201; baseline -0.001 -13"><span class='ocrx_word' id='word_1_60' title='bbox 248 1132 393 1188; x_wconf 73' lang='lat' dir='ltr'><strong>comitatus</strong></span> <span class='ocrx_word' id='word_1_61' title='bbox 405 1139 525 1187; x_wconf 83' lang='lat' dir='ltr'><strong>extrema</strong></span> <span class='ocrx_word' id='word_1_62' title='bbox 542 1132 689 1201; x_wconf 77' lang='lat' dir='ltr'><strong>consequia</strong></span> <span class='ocrx_word' id='word_1_63' title='bbox 705 1133 816 1187; x_wconf 89' lang='lat' dir='ltr'><strong>tandem</strong></span> <span class='ocrx_word' id='word_1_64' title='bbox 834 1133 906 1187; x_wconf 85' lang='lat' dir='ltr'><strong>fessa</strong></span> <span class='ocrx_word' id='word_1_65' title='bbox 917 1133 1026 1187; x_wconf 87' lang='lat' dir='ltr'><strong>delabi-</strong></span> 
     </span>
     <span class='ocr_line' id='line_1_11' title="bbox 249 1221 1074 1280; baseline 0.002 -2"><span class='ocrx_word' id='word_1_66' title='bbox 249 1228 294 1278; x_wconf 83' lang='lat' dir='ltr'><strong>tur</strong></span> <span class='ocrx_word' id='word_1_67' title='bbox 312 1221 379 1277; x_wconf 86' lang='lat' dir='ltr'><strong>scio.</strong></span> <span class='ocrx_word' id='word_1_68' title='bbox 1001 1250 1009 1259; x_wconf 91' lang='lat'><em>·</em></span> <span class='ocrx_word' id='word_1_69' title='bbox 1063 1240 1074 1280; x_wconf 74' lang='lat' dir='ltr'><strong>a</strong></span> 
     </span>
     <span class='ocr_line' id='line_1_12' title="bbox 299 1310 1027 1369; baseline 0.004 -3"><span class='ocrx_word' id='word_1_70' title='bbox 299 1311 357 1367; x_wconf 90' lang='lat' dir='ltr'><strong>Nec</strong></span> <span class='ocrx_word' id='word_1_71' title='bbox 371 1311 438 1367; x_wconf 89' lang='lat' dir='ltr'><strong>deus</strong></span> <span class='ocrx_word' id='word_1_72' title='bbox 449 1320 553 1366; x_wconf 84' lang='lat' dir='ltr'><strong>amator</strong></span> <span class='ocrx_word' id='word_1_73' title='bbox 564 1310 640 1365; x_wconf 91' lang='lat' dir='ltr'><strong>humi</strong></span> <span class='ocrx_word' id='word_1_74' title='bbox 654 1312 788 1366; x_wconf 81' lang='lat' dir='ltr'><strong>iacentem</strong></span> <span class='ocrx_word' id='word_1_75' title='bbox 801 1312 929 1368; x_wconf 86' lang='lat' dir='ltr'><strong>deserens</strong></span> <span class='ocrx_word' id='word_1_76' title='bbox 941 1314 1027 1369; x_wconf 90' lang='lat' dir='ltr'><strong>inuo-</strong></span> 
     </span>
     <span class='ocr_line' id='line_1_13' title="bbox 248 1401 1026 1473; baseline 0 -16"><span class='ocrx_word' id='word_1_77' title='bbox 248 1401 316 1458; x_wconf 81' lang='lat' dir='ltr'><strong>iauit</strong></span> <span class='ocrx_word' id='word_1_78' title='bbox 338 1401 489 1473; x_wconf 77' lang='lat' dir='ltr'><strong>proximam</strong></span> <span class='ocrx_word' id='word_1_79' title='bbox 509 1417 666 1472; x_wconf 81' lang='lat' dir='ltr'><strong>cupressum</strong></span> <span class='ocrx_word' id='word_1_80' title='bbox 685 1401 773 1471; x_wconf 85' lang='lat' dir='ltr'><strong>deque</strong></span> <span class='ocrx_word' id='word_1_81' title='bbox 791 1402 851 1457; x_wconf 88' lang='lat' dir='ltr'><strong>cius</strong></span> <span class='ocrx_word' id='word_1_82' title='bbox 869 1403 924 1457; x_wconf 87' lang='lat' dir='ltr'><strong>alto</strong></span> <span class='ocrx_word' id='word_1_83' title='bbox 942 1422 1026 1459; x_wconf 91' lang='lat' dir='ltr'><strong>cacu-</strong></span> 
     </span>
     <span class='ocr_line' id='line_1_14' title="bbox 247 1491 1026 1564; baseline 0.003 -17"><span class='ocrx_word' id='word_1_84' title='bbox 247 1491 319 1547; x_wconf 89' lang='lat' dir='ltr'><strong>mine</strong></span> <span class='ocrx_word' id='word_1_85' title='bbox 344 1491 382 1546; x_wconf 91' lang='lat' dir='ltr'><strong>sic</strong></span> <span class='ocrx_word' id='word_1_86' title='bbox 407 1491 489 1546; x_wconf 87' lang='lat' dir='ltr'><strong>etiam</strong></span> <span class='ocrx_word' id='word_1_87' title='bbox 507 1492 628 1562; x_wconf 79' lang='lat' dir='ltr'><strong>grauiter</strong></span> <span class='ocrx_word' id='word_1_88' title='bbox 645 1500 794 1546; x_wconf 84' lang='lat' dir='ltr'><strong>commotus</strong></span> <span class='ocrx_word' id='word_1_89' title='bbox 813 1493 937 1557; x_wconf 77' lang='lat' dir='ltr'><strong>adfatur,</strong></span> <span class='ocrx_word' id='word_1_90' title='bbox 963 1493 1026 1564; x_wconf 80' lang='lat' dir='ltr'><strong>&#39;ego</strong></span> 
     </span>
     <span class='ocr_line' id='line_1_15' title="bbox 247 1579 1025 1654; baseline 0.001 -17"><span class='ocrx_word' id='word_1_91' title='bbox 247 1582 365 1654; x_wconf 86' lang='lat' dir='ltr'><strong>quidem,</strong></span> <span class='ocrx_word' id='word_1_92' title='bbox 386 1580 585 1652; x_wconf 89' lang='lat' dir='ltr'><strong>simplicissima</strong></span> <span class='ocrx_word' id='word_1_93' title='bbox 602 1579 717 1652; x_wconf 86' lang='lat' dir='ltr'><strong>Psyche,</strong></span> <span class='ocrx_word' id='word_1_94' title='bbox 737 1583 858 1651; x_wconf 86' lang='lat' dir='ltr'><strong>parentis</strong></span> <span class='ocrx_word' id='word_1_95' title='bbox 875 1601 951 1637; x_wconf 87' lang='lat' dir='ltr'><strong>meac</strong></span> <span class='ocrx_word' id='word_1_96' title='bbox 968 1584 1025 1638; x_wconf 87' lang='lat' dir='ltr'><strong>Ve-</strong></span> 
     </span>
     <span class='ocr_line' id='line_1_16' title="bbox 247 1671 1073 1743; baseline -0.001 -16"><span class='ocrx_word' id='word_1_97' title='bbox 247 1672 319 1727; x_wconf 86' lang='lat' dir='ltr'><strong>neris</strong></span> <span class='ocrx_word' id='word_1_98' title='bbox 337 1678 541 1743; x_wconf 77' lang='lat' dir='ltr'><strong>praeceptorum</strong></span> <span class='ocrx_word' id='word_1_99' title='bbox 559 1671 708 1735; x_wconf 85' lang='lat' dir='ltr'><strong>immemor,</strong></span> <span class='ocrx_word' id='word_1_100' title='bbox 731 1688 799 1740; x_wconf 86' lang='lat' dir='ltr'><strong>quae</strong></span> <span class='ocrx_word' id='word_1_101' title='bbox 817 1679 844 1726; x_wconf 85' lang='lat' dir='ltr'><strong>tc</strong></span> <span class='ocrx_word' id='word_1_102' title='bbox 863 1672 954 1728; x_wconf 85' lang='lat' dir='ltr'><strong>miseri</strong></span> <span class='ocrx_word' id='word_1_103' title='bbox 974 1692 1024 1729; x_wconf 84' lang='lat' dir='ltr'><strong>ex·</strong></span> <span class='ocrx_word' id='word_1_104' title='bbox 1046 1685 1073 1726; x_wconf 78' lang='grc' dir='ltr'><strong>ιο</strong></span> 
     </span>
     <span class='ocr_line' id='line_1_17' title="bbox 247 1761 1026 1833; baseline 0.001 -16"><span class='ocrx_word' id='word_1_105' title='bbox 247 1762 378 1833; x_wconf 67' lang='lat' dir='ltr'><strong>eremique</strong></span> <span class='ocrx_word' id='word_1_106' title='bbox 396 1762 514 1817; x_wconf 81' lang='lat' dir='ltr'><strong>hccuinis</strong></span> <span class='ocrx_word' id='word_1_107' title='bbox 531 1761 686 1816; x_wconf 76' lang='lat' dir='ltr'><strong>deuinctam</strong></span> <span class='ocrx_word' id='word_1_108' title='bbox 704 1762 833 1832; x_wconf 90' lang='lat' dir='ltr'><strong>cupidine</strong></span> <span class='ocrx_word' id='word_1_109' title='bbox 852 1762 946 1817; x_wconf 82' lang='lat' dir='ltr'><strong>infimo</strong></span> <span class='ocrx_word' id='word_1_110' title='bbox 965 1783 1026 1818; x_wconf 83' lang='lat' dir='ltr'><strong>ma·</strong></span> 
     </span>
     <span class='ocr_line' id='line_1_18' title="bbox 248 1851 1025 1921; baseline 0.004 -14"><span class='ocrx_word' id='word_1_111' title='bbox 248 1852 376 1908; x_wconf 70' lang='lat' dir='ltr'><strong>mimonic</strong></span> <span class='ocrx_word' id='word_1_112' title='bbox 392 1851 483 1907; x_wconf 77' lang='lat' dir='ltr'><strong>addici</strong></span> <span class='ocrx_word' id='word_1_113' title='bbox 501 1852 624 1915; x_wconf 83' lang='lat' dir='ltr'><strong>iusserat,</strong></span> <span class='ocrx_word' id='word_1_114' title='bbox 645 1851 702 1921; x_wconf 88' lang='lat' dir='ltr'><strong>ipse</strong></span> <span class='ocrx_word' id='word_1_115' title='bbox 714 1851 806 1921; x_wconf 85' lang='lat' dir='ltr'><strong>potius</strong></span> <span class='ocrx_word' id='word_1_116' title='bbox 819 1860 922 1910; x_wconf 84' lang='lat' dir='ltr'><strong>amatur</strong></span> <span class='ocrx_word' id='word_1_117' title='bbox 935 1854 1025 1909; x_wconf 91' lang='lat' dir='ltr'><strong>aduc-</strong></span> 
     </span>
     <span class='ocr_line' id='line_1_19' title="bbox 248 1940 1111 2013; baseline 0.001 -15"><span class='ocrx_word' id='word_1_118' title='bbox 248 1942 302 1998; x_wconf 88' lang='lat' dir='ltr'><strong>laui</strong></span> <span class='ocrx_word' id='word_1_119' title='bbox 320 1942 380 1997; x_wconf 90' lang='lat' dir='ltr'><strong>tibi.</strong></span> <span class='ocrx_word' id='word_1_120' title='bbox 407 1942 456 1997; x_wconf 86' lang='lat' dir='ltr'><strong>sed</strong></span> <span class='ocrx_word' id='word_1_121' title='bbox 469 1942 519 1997; x_wconf 87' lang='lat' dir='ltr'><strong>hcc</strong></span> <span class='ocrx_word' id='word_1_122' title='bbox 537 1942 590 1997; x_wconf 89' lang='lat' dir='ltr'><strong>ieci</strong></span> <span class='ocrx_word' id='word_1_123' title='bbox 608 1941 715 2005; x_wconf 86' lang='lat' dir='ltr'><strong>leuiter,</strong></span> <span class='ocrx_word' id='word_1_124' title='bbox 736 1942 802 2006; x_wconf 86' lang='lat' dir='ltr'><strong>scio,</strong></span> <span class='ocrx_word' id='word_1_125' title='bbox 823 1951 850 1996; x_wconf 87' lang='lat' dir='ltr'><strong>et</strong></span> <span class='ocrx_word' id='word_1_126' title='bbox 867 1943 1025 2013; x_wconf 83' lang='lat' dir='ltr'><strong>praeclarus</strong></span> <span class='ocrx_word' id='word_1_127' title='bbox 1110 1940 1111 1955; x_wconf 59' lang='lat'>¹</span> 
     </span>
     <span class='ocr_line' id='line_1_20' title="bbox 248 2031 1025 2104; baseline 0.003 -17"><span class='ocrx_word' id='word_1_128' title='bbox 248 2032 293 2087; x_wconf 87' lang='lat' dir='ltr'><strong>ille</strong></span> <span class='ocrx_word' id='word_1_129' title='bbox 316 2032 472 2101; x_wconf 76' lang='lat' dir='ltr'><strong>sagittarius</strong></span> <span class='ocrx_word' id='word_1_130' title='bbox 497 2031 554 2103; x_wconf 91' lang='lat' dir='ltr'><strong>ipse</strong></span> <span class='ocrx_word' id='word_1_131' title='bbox 578 2048 621 2086; x_wconf 91' lang='lat' dir='ltr'><strong>me</strong></span> <span class='ocrx_word' id='word_1_132' title='bbox 645 2031 699 2086; x_wconf 84' lang='lat' dir='ltr'><strong>telo</strong></span> <span class='ocrx_word' id='word_1_133' title='bbox 724 2048 784 2085; x_wconf 85' lang='lat' dir='ltr'><strong>mco</strong></span> <span class='ocrx_word' id='word_1_134' title='bbox 801 2033 923 2102; x_wconf 89' lang='lat' dir='ltr'><strong>percussi</strong></span> <span class='ocrx_word' id='word_1_135' title='bbox 940 2041 1025 2104; x_wconf 86' lang='lat' dir='ltr'><strong>teque</strong></span> 
     </span>
     <span class='ocr_line' id='line_1_21' title="bbox 248 2121 1075 2193; baseline 0.002 -16"><span class='ocrx_word' id='word_1_136' title='bbox 248 2122 393 2193; x_wconf 79' lang='lat' dir='ltr'><strong>coniugem</strong></span> <span class='ocrx_word' id='word_1_137' title='bbox 409 2138 496 2176; x_wconf 87' lang='lat' dir='ltr'><strong>meam</strong></span> <span class='ocrx_word' id='word_1_138' title='bbox 508 2122 570 2186; x_wconf 88' lang='lat' dir='ltr'><strong>ieci,</strong></span> <span class='ocrx_word' id='word_1_139' title='bbox 591 2129 622 2176; x_wconf 82' lang='lat' dir='ltr'><strong>ut</strong></span> <span class='ocrx_word' id='word_1_140' title='bbox 632 2121 721 2176; x_wconf 87' lang='lat' dir='ltr'><strong>bestia</strong></span> <span class='ocrx_word' id='word_1_141' title='bbox 732 2121 837 2177; x_wconf 86' lang='lat' dir='ltr'><strong>scilicet</strong></span> <span class='ocrx_word' id='word_1_142' title='bbox 847 2122 900 2176; x_wconf 87' lang='lat' dir='ltr'><strong>tibi</strong></span> <span class='ocrx_word' id='word_1_143' title='bbox 913 2122 1025 2179; x_wconf 88' lang='lat' dir='ltr'><strong>uiderer</strong></span> <span class='ocrx_word' id='word_1_144' title='bbox 1046 2132 1075 2173; x_wconf 83' lang='lat'><strong>¹⁵</strong></span> 
     </span>
     <span class='ocr_line' id='line_1_22' title="bbox 248 2210 1024 2283; baseline 0 -15"><span class='ocrx_word' id='word_1_145' title='bbox 248 2220 276 2268; x_wconf 85' lang='lat' dir='ltr'><strong>et</strong></span> <span class='ocrx_word' id='word_1_146' title='bbox 293 2212 365 2266; x_wconf 87' lang='lat' dir='ltr'><strong>ferro</strong></span> <span class='ocrx_word' id='word_1_147' title='bbox 383 2219 464 2283; x_wconf 89' lang='lat' dir='ltr'><strong>caput</strong></span> <span class='ocrx_word' id='word_1_148' title='bbox 483 2210 621 2265; x_wconf 83' lang='lat' dir='ltr'><strong>excideres</strong></span> <span class='ocrx_word' id='word_1_149' title='bbox 638 2228 745 2275; x_wconf 88' lang='lat' dir='ltr'><strong>meum,</strong></span> <span class='ocrx_word' id='word_1_150' title='bbox 771 2212 846 2283; x_wconf 88' lang='lat' dir='ltr'><strong>quod</strong></span> <span class='ocrx_word' id='word_1_151' title='bbox 863 2212 930 2266; x_wconf 83' lang='lat' dir='ltr'><strong>istos</strong></span> <span class='ocrx_word' id='word_1_152' title='bbox 948 2230 1024 2268; x_wconf 92' lang='lat' dir='ltr'><strong>ama·</strong></span> 
     </span>
     <span class='ocr_line' id='line_1_23' title="bbox 247 2300 1024 2370; baseline 0.001 -12"><span class='ocrx_word' id='word_1_153' title='bbox 247 2310 320 2359; x_wconf 80' lang='lat' dir='ltr'><strong>tores</strong></span> <span class='ocrx_word' id='word_1_154' title='bbox 338 2308 400 2355; x_wconf 83' lang='lat' dir='ltr'><strong>tuce</strong></span> <span class='ocrx_word' id='word_1_155' title='bbox 419 2300 512 2356; x_wconf 86' lang='lat' dir='ltr'><strong>oculos</strong></span> <span class='ocrx_word' id='word_1_156' title='bbox 530 2301 614 2370; x_wconf 78' lang='lat' dir='ltr'><strong>gerit!</strong></span> <span class='ocrx_word' id='word_1_157' title='bbox 639 2300 705 2355; x_wconf 87' lang='lat' dir='ltr'><strong>haec</strong></span> <span class='ocrx_word' id='word_1_158' title='bbox 723 2302 775 2356; x_wconf 90' lang='lat' dir='ltr'><strong>tibi</strong></span> <span class='ocrx_word' id='word_1_159' title='bbox 787 2302 938 2357; x_wconf 84' lang='lat' dir='ltr'><strong>identidem</strong></span> <span class='ocrx_word' id='word_1_160' title='bbox 951 2322 1024 2359; x_wconf 88' lang='lat' dir='ltr'><strong>sem·</strong></span> 
     </span>
     <span class='ocr_line' id='line_1_24' title="bbox 248 2389 1022 2464; baseline 0.001 -17"><span class='ocrx_word' id='word_1_161' title='bbox 248 2408 296 2464; x_wconf 88' lang='lat' dir='ltr'><strong>pcr</strong></span> <span class='ocrx_word' id='word_1_162' title='bbox 307 2390 429 2447; x_wconf 87' lang='lat' dir='ltr'><strong>cauenda</strong></span> <span class='ocrx_word' id='word_1_163' title='bbox 443 2390 595 2454; x_wconf 83' lang='lat' dir='ltr'><strong>censebam,</strong></span> <span class='ocrx_word' id='word_1_164' title='bbox 616 2389 681 2445; x_wconf 85' lang='lat' dir='ltr'><strong>haec</strong></span> <span class='ocrx_word' id='word_1_165' title='bbox 693 2391 822 2447; x_wconf 85' lang='lat' dir='ltr'><strong>beniuole</strong></span> <span class='ocrx_word' id='word_1_166' title='bbox 834 2392 1022 2448; x_wconf 71' lang='lat' dir='ltr'><strong>&#39;remonebam</strong></span> 
     </span>
    </p>
   </div>
   <div class='ocr_carea' id='block_1_4' title="bbox 250 2501 404 2514">
    <p class='ocr_par' dir='ltr' id='par_1_4' title="bbox 250 2501 404 2514">
     <span class='ocr_line' id='line_1_25' title="bbox 250 2501 404 2514; baseline -0.013 -1"><span class='ocrx_word' id='word_1_167' title='bbox 250 2501 404 2514; x_wconf 55' lang='grc'><strong>,1-</strong></span> 
     </span>
    </p>
   </div>
   <div class='ocr_carea' id='block_1_5' title="bbox 248 2551 1025 2827">
    <p class='ocr_par' dir='ltr' id='par_1_5' title="bbox 248 2551 1025 2827">
     <span class='ocr_line' id='line_1_26' title="bbox 305 2551 1025 2612; baseline 0.004 -14"><span class='ocrx_word' id='word_1_168' title='bbox 305 2558 330 2598; x_wconf 74' lang='lat'><strong>10</strong></span> <span class='ocrx_word' id='word_1_169' title='bbox 340 2556 391 2599; x_wconf 67' lang='lat' dir='ltr'><strong>dm</strong></span> <span class='ocrx_word' id='word_1_170' title='bbox 402 2556 434 2600; x_wconf 80' lang='grc'><strong>1.·</strong></span> <span class='ocrx_word' id='word_1_171' title='bbox 444 2554 524 2607; x_wconf 75' lang='lat' dir='ltr'><strong>dffi.s·</strong></span> <span class='ocrx_word' id='word_1_172' title='bbox 535 2552 610 2606; x_wconf 71' lang='lat' dir='ltr'><strong>caup</strong></span> <span class='ocrx_word' id='word_1_173' title='bbox 622 2551 627 2609; x_wconf 93' lang='grc' dir='ltr'>Ι</span> <span class='ocrx_word' id='word_1_174' title='bbox 640 2554 730 2597; x_wconf 74' lang='lat' dir='ltr'><strong>aduris?</strong></span> <span class='ocrx_word' id='word_1_175' title='bbox 740 2557 760 2597; x_wconf 84' lang='lat' dir='ltr'><em>F</em></span> <span class='ocrx_word' id='word_1_176' title='bbox 769 2559 918 2607; x_wconf 73' lang='lat' dir='ltr'><strong>ialimraetc</strong></span> <span class='ocrx_word' id='word_1_177' title='bbox 930 2555 935 2612; x_wconf 96' lang='grc' dir='ltr'>Ι</span> <span class='ocrx_word' id='word_1_178' title='bbox 947 2556 974 2600; x_wconf 79' lang='lat'><strong>22</strong></span> <span class='ocrx_word' id='word_1_179' title='bbox 984 2561 1025 2601; x_wconf 87' lang='lat' dir='ltr'><strong>da·</strong></span> 
     </span>
     <span class='ocr_line' id='line_1_27' title="bbox 248 2625 1025 2681; baseline 0 -9"><span class='ocrx_word' id='word_1_180' title='bbox 248 2630 317 2672; x_wconf 79' lang='lat' dir='ltr'><strong>iectae</strong></span> <span class='ocrx_word' id='word_1_181' title='bbox 326 2628 434 2671; x_wconf 74' lang='lat' dir='ltr'><strong>Jacaaus:</strong></span> <span class='ocrx_word' id='word_1_182' title='bbox 445 2630 530 2671; x_wconf 79' lang='lat' dir='ltr'><strong>detecta</strong></span> <span class='ocrx_word' id='word_1_183' title='bbox 542 2625 546 2681; x_wconf 95' lang='grc' dir='ltr'>Ι</span> <span class='ocrx_word' id='word_1_184' title='bbox 558 2629 651 2670; x_wconf 82' lang='lat' dir='ltr'><strong>collubic</strong></span> <span class='ocrx_word' id='word_1_185' title='bbox 662 2627 746 2670; x_wconf 78' lang='lat' dir='ltr'><strong>Fccrr.</strong></span> <span class='ocrx_word' id='word_1_186' title='bbox 755 2628 785 2678; x_wconf 79' lang='lat' dir='ltr'><strong>s·</strong></span> <span class='ocrx_word' id='word_1_187' title='bbox 801 2632 814 2677; x_wconf 85' lang='grc' dir='ltr'><strong>ΙΙ</strong></span> <span class='ocrx_word' id='word_1_188' title='bbox 831 2630 843 2671; x_wconf 76' lang='lat'>2</span> <span class='ocrx_word' id='word_1_189' title='bbox 854 2632 944 2680; x_wconf 82' lang='lat' dir='ltr'><strong>abrepto</strong></span> <span class='ocrx_word' id='word_1_190' title='bbox 954 2630 976 2671; x_wconf 69' lang='grc' dir='ltr'><em>Γ</em></span> <span class='ocrx_word' id='word_1_191' title='bbox 988 2644 1025 2672; x_wconf 83' lang='lat' dir='ltr'><strong>nr·</strong></span> 
     </span>
     <span class='ocr_line' id='line_1_28' title="bbox 248 2696 1025 2760; baseline 0.003 -17"><span class='ocrx_word' id='word_1_192' title='bbox 248 2706 331 2753; x_wconf 74' lang='lat' dir='ltr'><strong>raptos</strong></span> <span class='ocrx_word' id='word_1_193' title='bbox 348 2697 352 2753; x_wconf 97' lang='grc' dir='ltr'>Ι</span> <span class='ocrx_word' id='word_1_194' title='bbox 371 2700 488 2744; x_wconf 73' lang='lat' dir='ltr'><strong>damatam</strong></span> <span class='ocrx_word' id='word_1_195' title='bbox 498 2701 591 2744; x_wconf 71' lang='lat' dir='ltr'><strong>lahaim</strong></span> <span class='ocrx_word' id='word_1_196' title='bbox 607 2696 612 2753; x_wconf 97' lang='grc' dir='ltr'>Ι</span> <span class='ocrx_word' id='word_1_197' title='bbox 633 2700 657 2741; x_wconf 80' lang='grc'><strong>14</strong></span> <span class='ocrx_word' id='word_1_198' title='bbox 668 2703 776 2751; x_wconf 81' lang='lat' dir='ltr'><strong>percussi·</strong></span> <span class='ocrx_word' id='word_1_199' title='bbox 794 2699 799 2754; x_wconf 93' lang='grc' dir='ltr'>Ι</span> <span class='ocrx_word' id='word_1_200' title='bbox 819 2701 844 2742; x_wconf 87' lang='grc'><strong>16</strong></span> <span class='ocrx_word' id='word_1_201' title='bbox 854 2702 1025 2760; x_wconf 54' lang='lat' dir='ltr'><strong>cxmdcressc:</strong></span> 
     </span>
     <span class='ocr_line' id='line_1_29' title="bbox 248 2770 678 2827; baseline -0.009 -12"><span class='ocrx_word' id='word_1_202' title='bbox 248 2773 334 2815; x_wconf 79' lang='lat' dir='ltr'><strong>excldcs</strong></span> <span class='ocrx_word' id='word_1_203' title='bbox 350 2771 355 2827; x_wconf 96' lang='grc' dir='ltr'>Ι</span> <span class='ocrx_word' id='word_1_204' title='bbox 373 2774 431 2815; x_wconf 67' lang='lat' dir='ltr'><strong>iisne</strong></span> <span class='ocrx_word' id='word_1_205' title='bbox 441 2775 553 2816; x_wconf 77' lang='lat' dir='ltr'><strong>monebam</strong></span> <span class='ocrx_word' id='word_1_206' title='bbox 565 2770 678 2822; x_wconf 71' lang='lat' dir='ltr'><strong>Scioppius</strong></span> 
     </span>
    </p>
   </div>
   <div class='ocr_carea' id='block_1_6' title="bbox 0 0 1126 3370">
    <p class='ocr_par' dir='ltr' id='par_1_6' title="bbox 0 0 1126 3370">
     <span class='ocr_line' id='line_1_30' title="bbox 0 0 1126 3370; baseline 0 0"><span class='ocrx_word' id='word_1_207' title='bbox 0 0 1126 3370; x_wconf 95' lang='lat' dir='ltr'><strong> </strong></span> 
     </span>
    </p>
   </div>
  </div>
 </body>
</html>
