2244 3370
337 262 452 303 rsrurra
470 264 507 304 ar
526 263 636 304 cvrruo
845 257 876 306 29

99 403 152 457 tibi
169 403 275 468 feceris,
295 404 392 457 anxiae
408 404 635 474 praestolabimur
646 407 805 477 cunctisque
817 409 877 463 istis
896 356 915 397 Ι

99 494 176 548 ocius
204 501 294 547 tecum
318 493 409 547 relatis
433 495 535 548 uotiuis
560 496 663 566 nuptiis
683 480 826 551 ¹homiuem
849 506 876 553 te
928 502 930 505 ’

21 646 23 649 ,
99 584 244 654 iungemus
262 582 386 637 homini'
421 584 469 637 tali
487 585 634 638 uerborum
652 586 780 640 incendio
798 587 875 641 flam·
895 590 924 640 21

98 682 173 728 mata
184 673 290 727 uiscera
302 673 404 727 sororis
416 674 469 727 iam
481 692 591 745 prorsus
603 676 731 729 ardentis.
747 677 876 731 deseren-

99 772 141 817 tes
154 764 241 833 ipsam
253 764 388 834 protinus,
408 765 478 819 tanti
489 765 553 818 mali
566 766 715 819 confinium
727 767 780 821 sibi
794 769 876 822 etiam

100 854 198 908 eximie
216 863 378 918 metuentes,
398 854 479 908 flatus
498 855 568 909 alitis
586 855 705 926 impulsu
718 857 799 911 solito
811 875 875 928 por·

62 957 77 996 5
98 952 190 998 rectae
208 962 289 1014 super
306 945 448 1015 scopulum
465 945 528 999 ilico
546 945 651 1016 pernici
667 963 696 999 se
709 947 775 1016 fuga
787 949 875 1019 prori-

98 1034 180 1106 piunt
197 1034 341 1105 statimque
359 1036 515 1091 conscensis
534 1037 650 1090 nauibus
668 1037 778 1091 abeunt.

151 1130 189 1183 At
200 1128 304 1199 Psyche
323 1129 417 1183 relicta
434 1131 500 1195 sola,
522 1131 574 1184 nisi
587 1131 661 1200 quod
678 1131 784 1185 infestis
798 1133 875 1186 furiis
920 1173 922 1175 .

39 1209 41 1215 ¹
98 1219 201 1289 agitata
220 1218 278 1273 sola
295 1236 352 1273 uon
367 1227 418 1284 est,
438 1228 515 1274 aestu
527 1220 617 1291 pelagi
630 1221 716 1275 simile
730 1223 875 1277 maerendo

98 1310 215 1364 fluctuat
235 1317 276 1373 et,
297 1307 419 1378 quam'uis
438 1317 540 1365 statuto
558 1311 672 1365 consilio
692 1319 720 1364 et
737 1312 874 1366 obstinato

45 1416 77 1456 10
99 1400 205 1465 animo,
231 1401 283 1453 iam
301 1407 392 1453 tamen
411 1400 526 1454 facinori
543 1418 641 1454 manus
658 1402 807 1455 admouens
826 1403 874 1456 ad-

98 1492 153 1544 huc
176 1490 279 1543 incerta
303 1490 410 1543 consilii
432 1491 534 1545 titubat
550 1491 695 1561 multisque
714 1491 875 1546 calamitatis

99 1597 165 1635 suae
183 1580 343 1634 distrahitur
359 1580 511 1634 affectibus.
544 1581 669 1645 festinat,
695 1582 799 1647 differt,
812 1637 814 1641 ,
825 1601 874 1636 au·

99 1672 156 1735 det,
177 1671 308 1741 trepidat,
330 1669 440 1733 diffidit,
460 1670 599 1736 irascitur;
620 1679 656 1736 et,
671 1672 745 1741 quod
757 1672 874 1725 estulti-

98 1779 183 1825 mum,
203 1761 232 1814 in
245 1760 341 1814 eodem
354 1777 467 1830 corpore
479 1760 538 1814 odit
549 1760 673 1826 bestiam,
692 1762 782 1830 diligit
794 1754 883 1815 mari-¹

43 1866 77 1906 15
97 1860 166 1906 tum.
203 1867 317 1920 uespera
341 1858 432 1903 tamen
456 1850 510 1903 iam
528 1858 637 1905 noctem
654 1851 778 1905 trahente
796 1870 874 1922 prae·

99 1940 176 2011 cipiti
194 1939 369 1994 festinatione
387 1940 484 1993 nefarii
502 1941 610 1994 sceleris
629 1940 740 1995 instruit
760 1959 874 2012 appara-

97 2040 167 2085 tum.
206 2048 261 2084 uox
278 2030 372 2084 aderat
389 2038 417 2084 et
433 2031 547 2083 maritus
564 2031 672 2094 aderat,
698 2031 874 2101 protinusque

97 2120 208 2175 ueneris
231 2119 340 2190 proeliis
363 2121 491 2174 uelitatus
513 2119 598 2174 altum
617 2139 741 2192 soporem
760 2122 875 2177 descen-

99 2206 185 2265 derat.
217 2218 283 2264 tunc
301 2209 405 2280 Psyche
424 2217 451 2263 et
469 2210 589 2281 corporis
608 2219 636 2265 et
653 2212 736 2264 animi
753 2212 874 2281 alioquin
893 2217 925 2267 Ὦ

98 2301 222 2364 infirma,
250 2300 299 2353 fati
322 2308 414 2353 tamen
436 2300 549 2354 saeuitia
567 2300 790 2356 subministrante
808 2301 875 2355 uiri-

100 2416 255 2426 ——-—-

155 2472 182 2515 22
197 2475 377 2524 praestolabimur
394 2473 399 2525 Ι
418 2473 445 2516 23
460 2478 520 2516 ocius
531 2486 557 2522 ς.“
573 2478 636 2517 sociis
645 2476 666 2516 1²
678 2477 777 2527 opibusq
791 2479 801 2524 ΙΙ
818 2475 877 2517 lar-

99 2548 165 2597 dent;
173 2548 227 2586 istae
235 2546 351 2587 Michaelis
363 2542 367 2598 Ι
379 2546 636 2598 aipsao21psa1tipse5
648 2544 652 2600 Ι
665 2548 779 2598 fporrecte
791 2548 795 2597 Ι
807 2548 877 2598 tpar-

98 2619 181 2668 uioiose
191 2616 213 2658 F
220 2618 313 2667 corns‘
325 2615 329 2670 Ι
341 2617 353 2659 8
364 2623 412 2658 estu
429 2614 433 2670 Ι
450 2620 550 2658 merendo
565 2616 569 2672 1
588 2620 613 2660 10
619 2620 709 2660 facirmri
719 2619 764 2671 s‘:
779 2620 877 2660 faciuosu

97 2688 333 2739 satanicarum*
346 2686 350 2742 Ι
363 2690 389 2731 15
400 2694 462 2730 nocte
471 2689 493 2729 F
500 2701 557 2731 corr.
568 2690 598 2740 Ι*
611 2690 615 2742 Ι
627 2692 741 2732 trahente*
756 2687 760 2743 Ι
773 2691 798 2731 17
808 2696 877 2741 prou-

98 2773 184 2813 nusque
193 2760 302 2802 ralatio:
313 2763 440 2813 primusque
449 2760 470 2801 F
479 2763 581 2813 priusque
590 2773 603 2808 ς
612 2762 731 2815 primisque
742 2773 754 2808 ς
766 2759 770 2816 Ι
784 2763 808 2803 18
819 2762 869 2811 fillis
