2244 3370
345 257 459 298 PSYCHE
478 259 514 298 ΕΤ
534 257 643 298 chmo
849 250 876 298 ll

103 416 171 469 opes
188 406 295 473 ceterae
307 399 442 453 maiestati
454 399 550 453 domus
562 400 738 470 respondent,
759 409 790 454 ut
802 402 879 472 equi·
904 341 923 383 v

104 490 168 542 dem
181 488 250 542 illud
261 496 334 543 recte
347 489 474 543 uideatur
486 490 522 543 ad
535 491 770 544 conuersationem
781 491 879 544 huma-

103 597 168 634 nam
186 596 286 648 magno
304 580 365 632 Ioui
383 579 546 633 fabricatum
563 579 678 634 caeleste
696 580 836 651 palatium.

156 669 280 723 Inuitata
302 669 406 739 Psyche
429 670 524 723 talium
548 669 669 723 locorum
697 671 878 724 oblectatione
897 677 911 725 2

104 759 217 830 propius
236 759 350 813 accessit
367 767 395 813 et
405 759 487 829 paulo
500 759 628 813 fidentior
639 761 712 814 intra
725 760 807 814 limen
819 779 878 814 sese

104 849 180 912 facit,
200 866 265 901 mox
282 850 450 918 prolectante
469 850 560 903 studio
577 850 774 919 pulcherrimae
793 852 878 905 uisio-

104 939 148 992 nis
165 938 279 992 miratur
297 940 405 1008 singula
422 947 451 993 et
468 940 628 993 altrinsecus
647 941 755 994 aedium
780 941 879 996 horrea

72 1043 85 1084 5
104 1029 215 1083 sublimi
233 1028 337 1082 lubrica
354 1030 476 1100 perfecta
488 1030 649 1099 magnisque
662 1039 792 1099 congesta
804 1033 878 1100 gazis

104 1120 246 1189 conspicit.
272 1137 322 1172 nec
335 1126 376 1172 est
388 1120 534 1189 quicquam
547 1120 672 1191 quodibi
685 1139 741 1174 non
754 1128 803 1175 est.
829 1122 877 1176 sed

103 1216 212 1279 praeter
236 1216 352 1262 ceteram
376 1216 514 1263 tantorum
537 1210 695 1264 diuitiarum
718 1212 876 1265 admiratio-

103 1317 167 1353 nem
190 1300 241 1353 hoc
266 1306 325 1353 erat
347 1300 493 1370 praecipue
515 1300 674 1365 mirificum,
702 1302 777 1370 quod
801 1303 876 1355 nullo

103 1389 224 1452 uinculo,
245 1389 320 1442 nullo
339 1389 466 1453 claustro,
487 1389 562 1443 nullo
581 1392 693 1445 custode
706 1391 791 1445 totius
802 1393 876 1445 orbis

53 1489 83 1531 10
101 1480 265 1534 thensaurus
283 1479 328 1532 ille
345 1480 526 1533 muniebatur.
565 1479 630 1534 haec
649 1481 674 1534 ei
693 1498 797 1535 summa
814 1500 876 1536 cum

102 1570 243 1639 uoluptate
261 1569 362 1623 uisenti
380 1569 460 1623 offert
471 1587 530 1624 sese
543 1588 597 1624 uox
609 1572 876 1641 quaedamcorporis

103 1660 146 1714 sui
164 1661 240 1714 nuda
257 1668 285 1713 et
299 1657 401 1730 ‘quid,'
422 1660 511 1729 inquit
526 1658 658 1724 ‘domina
678 1661 762 1714 tantis
781 1662 877 1715 obstu-

101 1750 191 1820 pescis
209 1751 324 1819 opibus‘?
341 1759 389 1804 tua
407 1757 471 1803 sunt
488 1750 554 1803 haec
567 1751 668 1803 omnia.
700 1752 813 1820 prohinc
826 1770 875 1805 cu·

102 1839 194 1893 biculo
212 1848 239 1893 te
257 1839 328 1894 refer
346 1848 373 1893 et
384 1840 484 1893 lectulo
496 1841 684 1894 lassitudinem
695 1840 789 1894 refoue
802 1849 876 1894 etex

52 1948 82 1988 15
102 1930 217 1984 arbitrio
234 1931 373 1984 lauacrum
390 1937 461 2000 pete.
494 1949 553 1994 nos,
573 1948 687 2000 quarum
704 1949 787 1984 uoces
805 1932 874 1984 acci·

100 2022 152 2092 pis,
173 2028 235 2074 tuae
254 2019 380 2083 famulae,
401 2021 495 2074 sedulo
513 2021 565 2074 tibi
582 2020 871 2090 praeministrabimus,

101 2128 152 2164 nec
171 2111 292 2180 corporis
310 2117 421 2164 curatae
433 2110 485 2163 tibi
497 2110 603 2178 regales
616 2110 712 2180 epulae
724 2112 874 2164 morabun-

100 2196 163 2256 tur.³
200 2200 286 2254 sensit
308 2201 412 2270 Psyche
438 2201 548 2254 diuinae
571 2200 760 2270 prouidentiae
786 2201 907 2260 beati-3

100 2291 226 2345 tudinem
243 2291 430 2361 monitusque,
450 2308 532 2344 uoces
550 2290 679 2344 informes
697 2291 826 2355 audiens,
846 2297 874 2343 et

101 2380 176 2450 prius
195 2397 289 2433 somno
308 2388 336 2434 et
352 2398 415 2433 mox
433 2381 542 2434 lauacro
561 2380 751 2449 fatigationem
769 2381 811 2434 sui
830 2381 873 2434 di-

155 2536 182 2578 26
193 2539 306 2589 magestati
324 2540 334 2584 ll
353 2538 463 2578 ‘discessit
475 2538 563 2578 Medius
580 2534 584 2590 Ι
603 2539 724 2589 liniretur,
742 2540 766 2578 ia
776 2539 874 2590 ruarpine

100 2607 222 2650 rimeturF
240 2607 244 2663 Ι
268 2610 434 2651 tadmiratione
444 2608 489 2659 s*.·
504 2611 647 2651 admiratione
668 2607 673 2662 Ι
690 2609 716 2650 10
726 2614 840 2651 tensaurus
857 2607 862 2663 Ι

101 2682 124 2722 11
137 2682 229 2732 quedam
248 2684 260 2728 ll
276 2681 430 2733 imonitisque
446 2679 506 2724 uocis
524 2683 622 2723 informis
638 2682 728 2723 audiens
744 2683 804 2732 prius
815 2681 874 2721 Bar-

39 2774 42 2793 l
99 2763 193 2793 11161111ίὸ8
