2244 3370
350 224 464 266 Psacnss
483 227 519 266 ΕΤ
539 227 647 267 cremo
855 221 887 267 55

115 368 176 421 Ioui
199 367 386 421 formidabiles
409 384 493 438 aquas
516 367 581 421 istas
604 367 712 439 Stygias
737 369 781 422 uel
805 370 888 424 fando
905 315 934 357 vl

99 454 290 530 comperisti?
315 458 443 528 quodque
468 476 518 511 uos
541 457 667 512 deieratis
697 476 745 529 per
774 461 888 514 numina

65 557 95 597 15
114 549 236 612 deorum,
261 548 327 602 deos
344 566 393 619 per
411 546 503 619 Stygis
521 547 690 603 maiestatem
708 549 812 603 solere?
839 551 888 603 sed

114 640 181 694 cedo
199 639 278 692 istam
296 637 439 692 urnulam‘
471 646 499 691 et
515 638 641 709 protinus
659 639 798 709 adreptam
812 657 886 692 com-

112 729 192 799 plexa
210 745 301 797 ungue
320 727 432 782 festinat
448 728 606 798 libratisque
624 727 768 798 pinnarum
785 737 885 795 natan,-

112 819 182 872 tium
205 818 324 872 molibus
347 817 419 871 inter
446 835 530 887 genas
557 818 736 873 saeuientium
763 818 886 873 dentium

113 916 141 963 et
158 907 268 962 trisulca
285 907 437 961 uibramina
455 909 603 963 draconum
626 910 768 978 remigium
792 910 887 964 dextra

62 1011 93 1069 20
112 998 244 1068 laeuaque
267 997 410 1068 porrigens
435 998 559 1053 nolentes
583 1016 668 1069 aquas
692 1010 719 1053 et
742 1008 772 1053 ut
798 1000 886 1053 abiret

111 1088 176 1142 inde
194 1088 270 1142 ocius
287 1087 487 1158 praeminentes
505 1089 613 1159 excipit,
633 1098 786 1143 commenta
803 1107 831 1144 se
850 1088 884 1143 ob

111 1179 214 1233 iussum
238 1178 353 1232 Veneris
376 1187 468 1249 petere
493 1179 572 1250 eique
596 1197 623 1234 se
651 1177 882 1251 praeministrare;

111 1287 194 1340 quare
211 1269 292 1339 paulo
311 1268 417 1322 facilior
435 1269 555 1323 adeundi
577 1270 630 1324 fuit
653 1270 738 1341 copia.
777 1269 814 1324 sic
837 1288 883 1323 ac·
905 1268 935 1319 16

110 1368 216 1431 ceptam
240 1377 302 1413 cum
326 1359 426 1428 gaudio
444 1359 550 1429 plenam
568 1360 693 1413 urnulam
711 1359 814 1430 Psyche
833 1360 885 1414 Ve-

111 1450 170 1503 neri
188 1450 270 1505 citata
287 1449 401 1503 rettulit.

161 1573 220 1627 Nec
245 1581 336 1627 tamen
361 1581 458 1627 nutum
483 1574 549 1627 deae
572 1573 719 1627 saeuientis
746 1574 791 1627 uel
818 1583 883 1629 tunc

78 1678 91 1716 5
110 1664 220 1734 expiare
239 1664 337 1734 potuit.
370 1681 433 1717 nam
452 1663 490 1717 sic
509 1682 568 1717 eam
583 1663 685 1717 maiora
698 1672 779 1734 atque
791 1664 883 1734 peiora

109 1753 215 1823 flagitia
237 1754 406 1807 comminans
433 1753 566 1825 appellat,
591 1754 720 1807 renidens
744 1754 883 1808 exitiabile

62 1850 65 1857 '
106 1840 171 1897 ‘iam
188 1853 219 1897 tu
238 1843 349 1913 quidem
367 1861 465 1913 magna
483 1843 586 1897 uideris
607 1843 741 1914 quaedam
764 1843 831 1898 mihi
856 1854 883 1898 et

110 1933 164 1987 alta
181 1950 292 2003 prorsus
304 1933 435 1998 malefica,
456 1951 525 2004 quae
538 1934 638 1987 talibus
651 1934 802 2004 praeceptis
814 1935 881 1987 meis

109 2023 303 2093 obtemperasti
322 2024 437 2078 nauiter.
475 2023 524 2077 sed
541 2025 630 2078 adhuc
647 2024 731 2089 istud,
751 2042 812 2078 mea
829 2043 882 2096 pu-

61 2124 89 2164 10
110 2113 184 2184 pula,
204 2113 358 2167 ministrare
371 2113 492 2167 debebis.
526 2132 601 2167 sume
614 2113 694 2167 istam
705 2112 840 2185 pmidem’
855 2125 883 2169 et

166 2356 190 2397 13
201 2357 284 2409 stignus
294 2356 316 2398 P
329 2357 402 2408 stigias
413 2356 444 2406 ,Ρ
463 2354 468 2411 1
488 2357 512 2398 tl
523 2358 673 2407 deieratiss‘:
689 2359 815 2400 deieceratis
829 2358 863 2407 Fa>
876 2362 880 2411 Ι

110 2429 135 2469 15
145 2429 206 2479 etigts
217 2425 221 2476 Ι
235 2429 259 2468 1ss
269 2433 291 2469 et
300 2439 326 2475 ςτ
337 2430 374 2469 aed
386 2425 391 2480 Ι
407 2430 521 2479 complexa
531 2441 604 2481 ungue
615 2429 723 2471 Iahnius:
739 2431 882 2480 completam·

107 2511 150 2550 qne
163 2496 167 2551 Ι
182 2499 372 2550 limoliburfflo:
380 2500 504 2542 mamus?
510 2501 717 2543 motibuslleinaias
728 2502 731 2552 Ι
743 2501 880 2553 ἳθίοιιιῳιει

109 2572 259 2621 nolentasstr
273 2574 369 2614 „lentes
379 2573 399 2613 F
412 2575 535 2623 nolenteso
552 2570 557 2624 Ι
573 2573 597 2614 21
615 2574 666 2614 inde
681 2574 741 2615 ocius
758 2572 883 2615 Oudendor-

106 2648 172 2699 pius:
188 2650 291 2690 innoxius
309 2646 314 2701 Ι
330 2650 451 2699 ῇῑηίιιιιιῐει
461 2649 505 2699 s':
520 2648 624 2700 meante·
634 2648 655 2689 F
663 2655 793 2700 ...nanteso
804 2656 884 2699 potan-

109 2727 141 2762 tes
152 2732 208 2761 corr.
220 2732 236 2770 φ
249 2719 253 2773 Ι
265 2726 386 2762 commenta
397 2734 419 2762 sc
430 2721 539 2763 labaim:
549 2727 683 2762 commentus
