2244 3370
302 227 341 269 os
360 226 473 268 essens
491 227 528 268 ar
548 225 689 266 cvmmna
845 213 877 267 69

97 369 283 440 perdiscenda
309 368 471 423 consentiat.
514 368 564 421 sed
589 367 697 421 illarum
723 365 877 437 compulsa-

96 467 194 514 mento
212 458 315 529 percita
331 458 470 513 lucernam
489 458 522 511 de
541 458 591 512 sub
608 457 700 511 modic
713 456 827 526 detegit,
846 457 877 510 id

101 557 144 604 est
163 549 291 603 desiderii
306 548 442 603 flammam
454 549 483 603 in
495 556 605 619 pectore
617 548 777 603 absconsam
792 547 876 616 depa-
896 556 926 596 90

101 640 141 695 lat
153 640 291 710 uitamque
303 638 394 694 taliter
406 639 513 694 dulcem
525 645 597 693 amat
614 655 645 692 ac
664 636 763 707 diligit.
796 653 876 707 quam

100 730 166 785 ideo
184 729 312 784 lucernae
329 728 490 784 ebullitione
509 729 609 783 dicitur
626 728 792 790 incendisse,
813 727 876 797 quia

101 820 192 875 omnis
204 820 338 890 cupiditas
351 827 482 890 quantum
494 819 617 889 diligitur
632 826 741 873 tantum
758 817 876 871 ardescit

96 917 131 965 et
146 910 326 981 peccatricem
344 926 409 963 suae
427 911 502 964 carni
515 909 629 979 conligit
641 908 783 963 maculam.
810 924 875 977 ergo

99 1001 180 1071 quasi
191 1000 340 1071 cupiditate
354 1000 458 1055 nudata
470 1009 497 1054 et
508 999 615 1070 potenti
627 999 739 1053 fortuna
751 998 875 1070 priuatus
894 1005 924 1045 95

96 1099 130 1145 et
140 1089 268 1162 periculis
281 1090 399 1145 iactatur
411 1097 438 1145 et
449 1090 526 1160 regia
543 1090 624 1143 domo
642 1088 794 1159 expellitur.
826 1089 876 1142 sed

98 1199 161 1246 nos,
182 1181 245 1251 quia
263 1180 375 1250 longum
393 1189 435 1235 est
453 1187 484 1234 ut
502 1180 559 1235 dixi
575 1178 667 1232 omnia
678 1179 813 1249 persequi,
833 1186 874 1232 te-

99 1288 196 1326 norem
214 1270 339 1325 dedimus
356 1271 507 1335 sentiendi3
528 1270 613 1341 siquis
630 1286 696 1325 uero
715 1269 744 1323 in
757 1268 874 1340 Apuleio

96 1363 188 1432 ipsam
211 1360 333 1415 fabulam
355 1361 467 1431 legerit,
496 1368 590 1415 nostra
613 1359 792 1430 expositionis
816 1376 875 1412 ma·

97 1452 171 1507 teris
189 1469 258 1523 quae
277 1468 333 1506 non
351 1451 469 1506 diximus
487 1452 545 1522 ipse
563 1451 666 1521 reliqua
684 1450 833 1519 cognoscit.
896 1454 941 1495 too

152 1632 286 1703 Apuleius
304 1633 332 1686 in
350 1631 428 1686 libris
446 1632 698 1702 metamorphoseon
717 1631 820 1695 scribit,
844 1630 873 1684 in

96 1723 219 1794 quadam
237 1723 349 1777 ciuitate
367 1738 458 1792 regem
476 1729 503 1775 et
521 1721 645 1791 reginam
668 1720 795 1775 habuisse
818 1727 874 1775 tres

100 1813 184 1877 filias;
206 1814 273 1867 duas
292 1820 358 1867 natu
375 1812 492 1867 maiores
509 1818 658 1882 temperata
676 1810 766 1881 specie
778 1811 872 1875 fuisse,

96 1904 237 1958 iuniorem
248 1920 313 1957 uero
326 1902 451 1973 Psychen
464 1901 642 1955 nominatam
654 1901 738 1954 mirae
751 1901 873 1955 extitisse

95 1991 778 2064 elegantiaeutoredereturVenusesseterrestris.
794 1991 872 2045 deni·
893 2005 906 2044 s

98 2102 153 2155 que
166 2084 272 2138 duabus
283 2083 432 2137 maioribus
443 2082 473 2135 in
485 2081 643 2151 coniugium
654 2099 671 2134 a
682 2081 750 2135 uiris
762 2081 873 2136 adscitis

98 2174 174 2229 illam
193 2173 279 2228 ueluti
293 2174 372 2227 deam
384 2190 439 2227 non
452 2172 595 2243 quisquam
607 2189 696 2225 amare
708 2189 790 2226 ausus
803 2180 870 2237 erat,

95 2266 150 2320 sed
167 2264 291 2318 uenerari
310 2272 391 2334 atque
408 2262 505 2317 hostiis
524 2279 583 2315 eam
600 2260 711 2316 sibimet
729 2261 871 2333 deplorare

95 2355 288 2410 intendebant.
320 2354 413 2408 Venus
431 2370 497 2423 ergo
515 2368 646 2407 succensa
664 2352 769 2406 inuidia
787 2352 870 2423 Cupi-

96 2445 193 2501 dinem
211 2445 280 2514 petit
296 2451 328 2499 ut
344 2445 373 2498 in
391 2451 581 2498 contumacem
602 2442 718 2497 formam
743 2442 873 2496 sonoriter
894 2454 922 2496 to

95 2535 230 2590 uindicet.
262 2534 307 2589 ille
319 2536 355 2589 ad
367 2534 460 2589 matris
473 2533 606 2588 ultionem
618 2532 771 2587 aduentans
783 2532 871 2586 uisam

153 2740 251 2781 disiecit
262 2739 313 2781 libri
323 2740 380 2781 eruit
390 2738 523 2783 Michaelisll
534 2738 542 2778 l
555 2738 599 2788 My
607 2737 698 2789 thoas.
718 2737 753 2777 Va
761 2740 776 2777 t.
794 2735 814 2786 1,
825 2733 873 2789 2311
