2244 3370
331 253 446 294 PSYCHE
464 254 501 294 ΕΤ
521 253 629 294 CVPIDO
831 243 862 292 57

94 395 147 449 ibis
165 395 275 466 quidem
291 394 415 464 profecto
433 396 469 449 ad
485 396 570 449 imum
581 403 723 457 tartarum,
743 394 867 449 aed'inde
879 335 910 376 vl

44 506 75 545 15
96 484 171 539 nullo
189 492 268 555 pacto
286 485 372 538 redire
390 484 502 555 poteris.
533 484 599 538 mihi
617 485 748 539 ausculta.
780 486 867 538 Lace-
887 475 920 538 l8

95 575 191 629 daemo
204 575 322 629 Achaiae
341 575 440 629 nobilis
458 574 555 628 ciuitas
573 591 630 627 non
648 575 729 644 longe
747 575 799 628 sita
814 582 864 639 eat,

95 665 176 719 huius
195 665 399 728 conterminam,
426 665 512 719 deuiis
531 665 652 719 abditam
668 664 745 729 locis,
768 682 866 734 quaere

96 756 256 810 Taenarum.
293 755 361 809 inibi
384 755 547 826 spiraculum
564 754 639 809 Ditis
661 762 688 808 et
710 772 759 824 per
775 762 866 824 portas

64 864 76 902 5
95 847 203 900 hiantes
214 852 380 899 monstratur
391 844 444 899 iter
455 845 570 909 inuium,
585 844 628 899 cui
640 852 668 898 te
679 843 764 899 limite
776 852 866 899 trans-

96 944 186 990 meato
198 935 279 989 simul
291 935 466 1000 commiseris,
479 933 534 990 iam
546 935 640 989 canale
653 935 756 989 directo
769 951 867 1006 perges

97 1026 236 1096 adipeam
254 1024 318 1078 Orci
336 1025 448 1094 regiam.
486 1026 536 1079 sed
553 1043 609 1079 non
627 1026 759 1078 hactenus
779 1041 867 1079 uacua

97 1116 209 1170 debebis
223 1133 271 1186 per
287 1115 347 1169 illas
364 1116 492 1170 tenebras
509 1115 645 1179 incedere,
665 1115 714 1168 sed
731 1115 798 1169 offas
815 1133 867 1185 po-

96 1206 185 1260 lentae
203 1205 290 1259 mulso
309 1215 449 1260 concretes
466 1205 598 1259 ambabus
610 1213 717 1275 gestare
729 1206 865 1271 manibus,

45 1310 75 1349 10
96 1304 124 1350 at
142 1296 170 1349 in
189 1295 248 1365 ipso
267 1313 313 1349 ore
331 1295 398 1350 duas
416 1295 486 1351 ferre
499 1296 591 1366 stipes.
623 1296 731 1366 iamque
744 1295 868 1350 conlecta

95 1386 169 1439 bona
185 1393 261 1455 parte
279 1384 433 1440 mortiferae
451 1387 513 1440 uiae
526 1386 728 1441 continuaberis
740 1386 867 1440 claudum

36 1462 41 1466 ⁴
95 1463 202 1529 asinum
219 1475 356 1544 lignorum
368 1475 492 1545 gerulum
504 1494 564 1531 cum
577 1493 696 1546 agasone
708 1476 799 1541 simili,
819 1476 866 1546 qui

96 1574 123 1620 te
141 1565 250 1634 rogabit
274 1566 425 1620 decidentis
448 1567 569 1621 sarcinae
593 1567 736 1621 fusticulos
760 1567 867 1636 aliquos

95 1657 218 1726 porrigas
235 1656 276 1722 ei;
302 1656 350 1710 sed
367 1664 398 1711 tu
416 1656 491 1712 nulla
511 1675 579 1711 uoce
603 1657 761 1728 deprompta
784 1657 867 1710 tacita

46 1766 75 1805 15
95 1747 249 1817 praeterito.
287 1763 337 1801 nec
355 1764 445 1811 mora,
470 1764 531 1800 cum
549 1748 585 1801 ad
604 1747 706 1801 flumen
729 1756 866 1800 mortuum

95 1836 201 1901 uenies,
226 1836 269 1890 cui
287 1836 441 1906 praefectus
462 1837 569 1890 Charon
587 1844 717 1906 protenus
736 1846 866 1908 expetens

6 1930 7 1933 ’
94 1927 259 1998 portorium,
284 1927 323 1980 sic
345 1926 381 1980 ad
401 1926 487 1997 ripam
504 1926 659 1980 ulteriorem
677 1927 752 1981 sutili
770 1928 868 1981 cumba
907 1999 910 2005 ι

96 2017 208 2072 deducit
225 2025 415 2071 commeantes.
448 2033 512 2086 ergo
530 2024 558 2070 et
573 2016 646 2071 iuter
663 2025 785 2071 mortuos
800 2035 867 2071 aua-

6 2116 8 2169 Ι
95 2106 159 2161 ritia
181 2107 267 2171 uiuit,
294 2124 343 2163 nec
362 2106 471 2161 Charon
494 2106 539 2161 ille
561 2105 635 2160 Ditis
658 2115 749 2177 pater,
774 2115 866 2162 tantus

6 2184 7 2273 Ι
43 2184 75 2261 ΙΙ
96 2198 172 2262 deus,
193 2196 339 2267 quicquam
356 2197 476 2265 gratuito
489 2196 563 2262 facit,
584 2205 625 2251 set
636 2197 754 2251 moriens
765 2215 868 2269 pauper
936 2250 944 2264 ‚

6 2426 7 2467 p
153 2398 177 2437 15
192 2397 258 2437 michi
276 2399 286 2444 ll
313 2397 322 2437 l
339 2397 448 2438 lacedamo
464 2398 538 2439 achaia
556 2397 559 2450 Ι
581 2398 744 2439 :iconterminsi
759 2401 781 2438 ct
795 2400 868 2439 abdira

6 2480 7 2525 Ι
94 2469 164 2509 wara
182 2469 268 2509 lincolie
281 2468 303 2510 F
317 2466 321 2522 Ι
337 2470 459 2510 ltenasum
470 2468 491 2510 1¹⁴
503 2478 602 2510 tanarum
612 2469 632 2509 F
637 2469 643 2496 ¹
660 2467 665 2521 1
683 2471 741 2510 5rui
752 2470 867 2511 floridas:

6 2540 7 2603 Ι
94 2541 157 2581 cuius
169 2536 173 2593 Ι
185 2540 198 2581 b
209 2541 293 2591 direpto
305 2538 309 2595 Ι
322 2540 333 2580 7
344 2542 404 2581 horci
416 2538 420 2594 Ι
432 2546 523 2582 actenus
534 2540 539 2594 Ι
551 2540 563 2582 8
574 2542 669 2591 pollente
682 2539 687 2593 Ι
704 2543 726 2582 11
739 2544 849 2582 mortifere
861 2544 865 2594 Ι

93 2613 203 2654 ita-ueris
213 2612 234 2652 F
242 2613 415 2666 continguerlsc
427 2610 430 2662 Ι
443 2613 468 2654 13
478 2613 598 2654 decidentis
609 2613 728 2654 Gruterus:
739 2614 848 2654 decidenti
864 2616 867 2659 ξ

95 2685 120 2726 ll
131 2686 224 2734 tacitorp
241 2686 245 2735 Ι
264 2687 289 2728 18
302 2685 387 2725 seducit
397 2684 418 2725 F
430 2696 486 2726 corr.
498 2683 529 2724 F¹
541 2689 581 2725 aar
592 2686 610 2733 s
625 2681 630 2738 Ι
649 2684 866 2727 remitterentur:

94 2756 146 2798 ditis
156 2762 178 2797 ct
188 2756 209 2797 F
216 2761 237 2798 et
248 2758 304 2798 Ditis
316 2757 480 2798 Hildelrcndar
497 2757 554 2799 Ditis
565 2757 657 2808 portitor
668 2756 789 2798 Gronout'as
