2244 3370
261 234 294 284 66
554 244 737 286 nvnonurws

260 385 444 440 contaminata
457 403 522 455 ergo
531 385 643 440 honoris
655 386 795 440 maiestate
801 387 894 440 Venus
905 388 1048 442 subcensa

261 474 365 530 inuidia
377 474 541 547 Cupidinem
553 477 623 547 petit
633 483 665 530 ut
676 477 705 530 iu
718 485 905 531 contumacem
924 476 1048 530 formam

261 566 393 620 seueriter
411 565 571 620 uindicaret.
608 566 653 621 ille
672 567 709 620 ad
726 568 819 621 matris
837 557 974 621 ultionem
993 567 1045 621 ad-

261 664 378 710 uentans
396 656 484 710 uisam
502 655 621 727 puellam
641 657 791 711 adameuit:
811 674 899 727 poena
918 657 995 712 enim
1014 659 1045 712 in

213 759 243 799 15
263 746 401 800 adfectum
420 763 553 800 conuersa
571 755 657 801 estet
675 748 721 801 uel
733 747 895 817 magnificus
907 747 1045 802 iaculator

262 837 319 907 ipse
332 854 360 890 se
373 854 422 890 suo
436 836 490 890 telo
502 837 643 908 percussit.
677 837 769 907 itaque
782 837 916 908 Apollinis
930 837 1045 891 denun-

262 927 376 981 tiatione
400 926 509 980 iubetur
531 927 622 997 puella
646 927 674 981 in
696 928 798 981 montis
822 927 963 982 cacumine
984 929 1045 983 sola

264 1016 364 1072 dimitti
382 1025 409 1071 et
428 1017 504 1071 uelut
522 1017 652 1072 feralibus
671 1017 788 1071 deducta
812 1017 947 1087 exsequiis
971 1036 1043 1088 pen·

264 1116 328 1162 nato
348 1108 467 1177 serpenti
485 1125 584 1179 sponsa
608 1107 747 1162 destinari.
785 1108 907 1178 perfecto
929 1107 1044 1179 iamque

215 1214 244 1257 20
265 1197 391 1267 choragio
410 1198 502 1268 puelle
519 1215 567 1268 per
578 1197 678 1252 montis
692 1196 809 1252 decliuia
820 1197 935 1269 Zephyri
947 1197 1044 1253 flantis
1094 1232 1095 1237 =

264 1288 320 1342 leni
338 1296 451 1342 nectura
469 1288 580 1358 delapsa
597 1288 627 1342 in
645 1288 781 1358 quandam
800 1289 911 1342 domum
929 1306 1044 1344 auream

264 1379 376 1449 rapitur,
400 1394 468 1448 quae
486 1378 606 1447 pretiosa
624 1379 681 1433 aine
700 1378 787 1449 pretio
806 1378 864 1432 sola
882 1379 1041 1433 considera·

264 1469 339 1523 tione
357 1468 438 1522 lande
458 1467 601 1523 deficiente
624 1477 730 1540 poterat
752 1469 897 1523 aestimari.
935 1469 1042 1524 ibidem

265 1559 378 1614 uocibus
402 1558 454 1612 sibi
477 1559 666 1613 tantummodo
684 1558 867 1630 seruientibus
885 1558 981 1627 ignoto
999 1568 1041 1613 at·

215 1663 246 1705 25
265 1667 318 1721 que
336 1649 518 1704 mansionario
536 1650 665 1703 utebatur
688 1649 824 1718 coniugio.
862 1656 942 1703 nocte
965 1650 1042 1704 enim
1093 1666 1094 1669 ’

266 1740 417 1795 adueniens
439 1739 552 1794 maritus
570 1740 685 1794 Veneris
708 1738 818 1810 proeliis
842 1739 955 1794 obscure
977 1757 1040 1810 per·
1093 1802 1094 1805 Ἴ

268 1831 335 1885 actis
353 1838 384 1885 ut
401 1831 490 1885 inuise
514 1829 685 1901 uespertinus
709 1830 858 1883 aduenerat
881 1829 920 1883 ita
942 1846 1040 1899 orepu-
1093 1820 1094 1837 ¹

268 1920 343 1975 oculo
367 1920 524 1991 incognitus
547 1921 630 1975 etiam
655 1920 819 1975 discedebat.
857 1920 953 1974 habuit
975 1937 1041 1990 ergo

268 2012 362 2066 uocale
374 2012 525 2074 seruitium,
540 2018 685 2065 uentosum
699 2010 859 2074 dominium,
877 2019 1042 2065 nocturnum

219 2118 249 2160 30
270 2102 470 2165 commercium,
495 2100 620 2170 ignotum
637 2101 803 2170 coniugium.
841 2101 890 2156 sed
906 2101 942 2156 ad
959 2102 1043 2156 huius

269 2199 384 2246 mortem
409 2191 561 2246 deflendam
583 2208 690 2245 sorores
713 2192 865 2245 adueniunt
886 2191 1042 2262 montisque
1092 2236 1093 2247 ,

270 2299 417 2337 conscenso
436 2281 574 2335 cacumine
588 2297 749 2350 germanum
760 2281 870 2350 lugubri
882 2300 950 2336 uoce
962 2281 1043 2353 flagi-

251 2356 366 2428 ¹tabant
384 2371 556 2434 uocabulum,
581 2379 610 2424 et
626 2371 750 2441 quamuis
768 2371 814 2431 ille
832 2372 952 2426 coniunx
972 2372 1042 2427 luci-

272 2465 338 2533 fuga
360 2461 475 2517 sororios
500 2462 525 2516 ei
548 2461 738 2516 comminando
761 2468 866 2516 uetaret
886 2462 1040 2532 adspectus,

222 2563 364 2611 notamen
387 2552 604 2621 consanguineae
628 2552 748 2607 caritatis
771 2551 938 2606 inuincibilis
962 2553 1043 2608 ardor

330 2756 354 2796 15
365 2761 390 2795 ut
400 2755 451 2795 libri
