2244 3370
346 284 459 325 PSYCHE
478 284 514 326 ET
534 285 641 326 cvl'mo
849 276 880 326 27

105 427 191 480 animi
208 426 317 490 tenella,
337 426 441 496 rapitur
457 427 605 481 uerborum
624 436 680 482 tam
693 427 812 481 tristium
825 428 881 481 ior·
902 372 920 412 Ι

106 517 224 571 midine:
244 523 321 570 extra
337 517 484 571 terminum
502 518 600 571 mentis
619 535 683 571 suae
701 518 791 588 posita
802 534 881 588 pror-

52 619 85 659 15
105 625 153 662 sus
177 607 299 660 omnium
323 608 413 661 mariti
435 608 618 661 monitionum
636 625 798 677 suarumque
816 626 882 678 pro·

105 697 267 751 missionum
296 698 455 751 memoriam
481 698 579 752 effudit
605 706 632 752 et
659 699 688 752 in
714 698 881 768 profundum

105 787 267 841 calamitatis
283 804 341 841 sese
353 787 552 858 praecipitauit,
573 795 744 857 tremensque
757 795 785 841 et
796 806 880 842 exan-

104 877 153 946 gui
171 876 263 931 colore
281 877 385 941 lurida,
411 879 521 931 tertiata
538 879 622 932 uerba
639 878 795 932 semihianti
813 896 880 932 uoce

105 967 284 1037 substrepens
302 968 340 1021 sic
358 968 393 1022 ad
411 967 471 1022 illas
490 969 528 1022 ait
560 966 621 1022 ‘uos
645 968 768 1038 quidem,
798 969 880 1022 caris·
902 973 932 1022 19

104 1058 190 1111 simae
207 1075 324 1121 sorores,
345 1066 376 1112 ut
393 1075 442 1129 par
462 1065 528 1121 erat,
548 1059 578 1111 in
596 1058 689 1112 officio
701 1065 809 1112 uestrae
822 1059 879 1128 pie-

104 1148 170 1200 tatis
197 1147 378 1218 permanetis,
410 1165 505 1202 uerum
530 1156 558 1201 et
579 1148 619 1202 ilii
644 1148 690 1218 qui
713 1148 778 1202 talia
801 1149 881 1202 uobis

105 1236 252 1291 adfirmant
269 1256 326 1291 non
343 1239 475 1292 uidentur
492 1238 559 1292 mihi
576 1239 749 1293 mendacium
766 1238 878 1307 fingere.

69 1338 84 1376 5
105 1344 155 1381 neo
174 1328 247 1381 enim
262 1346 388 1398 umquam
400 1329 454 1383 uiri
466 1329 519 1382 mei
531 1328 589 1382 uidi
601 1328 699 1382 faciem
711 1328 757 1383 uel
769 1329 881 1382 omnino

105 1417 205 1473 cuiatis
216 1418 253 1471 sit
266 1419 342 1482 noui,
362 1419 411 1472 sed
428 1426 535 1473 tantum
553 1420 695 1473 nocturnis
714 1419 881 1473 subaudiens

103 1510 219 1563 uocibus
242 1510 368 1563 maritum
387 1510 484 1563 incerti
502 1516 589 1563 status
607 1516 634 1562 et
651 1526 761 1579 prorsus
779 1509 849 1563 lucif
867 1539 882 1550 ·

104 1616 168 1669 gam
191 1600 278 1653 tolero
302 1601 469 1669 bestiamque
493 1600 610 1669 aliquam
634 1607 707 1654 recte
726 1599 881 1653 dicentibus

104 1690 185 1744 uobis
199 1691 297 1744 merito
309 1691 460 1744 consentio.
480 1707 576 1759 meque
593 1706 757 1760 magnopere
775 1707 881 1760 semper

51 1792 82 1833 ιο
105 1797 122 1834 a
140 1781 196 1833 suis
214 1789 297 1834 terret
315 1781 470 1850 aspectibus
488 1780 641 1849 malumque
654 1780 759 1848 grande
772 1780 805 1833 de
818 1780 881 1833 uul-

103 1880 150 1925 tus
173 1871 329 1925 curiositate
351 1871 545 1941 praeminatur.
583 1888 655 1924 nuno
680 1869 784 1940 siquam
807 1870 880 1924 salu-

103 1970 192 2015 tarem
218 1979 298 2032 opem
324 1961 490 2032 periclitanti
518 1962 605 2014 sorori
630 1967 738 2014 uestrae
767 1961 881 2030 potestis

104 2052 222 2115 adferre,
242 2051 296 2105 iam
314 2069 387 2105 nunc
405 2052 564 2114 subsistite;
586 2058 705 2104 ceterum
720 2050 826 2104 incuria
838 2068 880 2104 se·

104 2158 192 2212 quens
218 2142 317 2211 prioris
340 2142 531 2212 prouidentiae
554 2141 688 2195 beneficia
714 2138 879 2211 corrumpit'

51 2238 84 2279 15
104 2240 172 2287 tunc
196 2240 311 2285 nanctae
333 2233 387 2286 iam
405 2232 490 2302 portis
509 2232 666 2302 patentibus
684 2232 817 2285 nudatum
836 2249 880 2283 so-

104 2322 176 2376 roris
194 2322 313 2375 animum
331 2323 501 2376 facinorosae
520 2321 646 2376 mulieres
665 2321 771 2375 omissis
793 2328 880 2374 tectae

162 2552 188 2593 14
199 2557 221 2592 et
230 2557 315 2598 exuat
327 2549 331 2605 Ι
349 2553 375 2594 18
385 2527 485 2595 satirianti
496 2552 516 2593 F
528 2553 652 2603 seminatis
663 2515 782 2602 semiitiq
797 2555 807 2599 ΙΙ
822 2552 833 2591 7
845 2554 881 2592 lu-

104 2622 316 2676 tugamFeorr.s‘
337 2623 341 2677 Ι
362 2625 463 2667 tmanto
480 2621 484 2677 Ι
500 2623 882 2677 namquemagnoparemalabm'os

105 2708 184 2746 nempe
193 2707 322 2748 magnopere
333 2697 446 2747 Harpaso
457 2697 606 2747 HermJt'p.
617 2697 657 2738 33⁷
669 2693 673 2749 Ι
687 2696 712 2736 15
722 2697 780 2736 hunc
793 2692 797 2743 Ι
810 2693 836 2735 tt
846 2695 882 2734 ia·

105 2769 215 2809 cinerosae
