2244 3370
258 270 291 320 48
582 279 700 322 tettan

206 364 238 406 vl
258 423 335 485 sima,
356 421 494 476 dominam
510 422 610 476 habere
627 431 654 476 te
673 422 741 475 scire
759 422 894 492 coepisti?
928 439 966 476 an
985 439 1038 493 pro

259 519 348 566 cetera
376 529 482 566 morum
508 518 616 566 tuorum
643 512 795 566 temeritate
821 511 897 566 istud
923 529 1037 582 quoque

259 603 363 657 nescire
381 609 408 656 te
424 602 514 671 fingis,
535 610 651 674 quantos
663 602 770 657 labores
782 602 853 657 circa
867 610 929 656 tuas
942 602 1037 672 inqui-

258 692 372 747 sitiones
384 693 610 747 sustinuerimus?
631 693 680 747 sed
696 694 776 756 bene,
796 693 872 763 quod
889 709 966 746 meas
983 709 1037 763 po-
1054 704 1083 746 tu

258 783 392 837 tissimum
409 801 505 837 manus
521 784 642 839 incidisti
655 791 683 838 et
693 784 765 838 inter
778 783 842 839 Orci
854 800 966 838 canoros
979 783 1035 837 iam

258 874 332 944 ipsos
355 874 518 938 adhaesisti,
545 874 641 928 datura
665 874 770 928 scilicet
792 881 914 928 actutum
937 879 1034 927 tantae

223 965 445 1019 9oontumaciae
474 961 599 1034 poenas’.
637 973 665 1019 et
694 965 834 1019 audaciter
862 965 891 1016 in
919 962 1035 1034 capillos

259 1054 318 1108 eius
335 1054 446 1109 inmissa
464 1072 547 1110 manu
564 1056 689 1111 trahebat
703 1072 763 1109 eam
775 1070 946 1124 nequaquam
958 1053 1035 1107 reni-

258 1150 370 1199 tentem.
402 1162 484 1215 quam
502 1146 549 1201 ubi
566 1147 682 1216 primum
699 1146 839 1200 inductam
857 1144 1033 1214 oblatamque

259 1234 311 1288 sibi
330 1236 472 1305 conspexit
483 1236 586 1300 Venus,
606 1236 784 1292 laetissimum
801 1236 966 1290 cachinnum
984 1251 1032 1288 ex·

257 1324 330 1378 tollit
346 1334 375 1378 et
385 1325 492 1395 qualem
509 1327 599 1381 solent
615 1328 787 1398 frequentare
805 1325 877 1390 irati,
897 1333 1033 1396 caputque
1052 1343 1064 1381 5

257 1414 381 1484 quatiens
405 1424 432 1470 et
455 1415 595 1487 ascalpens
618 1434 711 1472 aurem
732 1417 870 1472 dexteram
893 1412 1029 1469 'taudem’

256 1505 346 1574 inquit
360 1503 484 1575 ‘dignata
502 1524 531 1561 es
549 1525 657 1562 socrum
674 1515 749 1562 tuam
767 1506 904 1561 salutaret
926 1522 962 1559 an
980 1522 1032 1576 po·

256 1594 310 1648 tius
328 1596 464 1662 maritum,
484 1598 531 1669 qui
548 1605 597 1652 tuo
615 1598 728 1652 uulnere
746 1596 924 1669 periclitatur,
944 1596 1032 1649 inter·
1104 1626 1105 1647 t

256 1685 345 1738 uisere
363 1687 481 1741 uenisti?
498 1689 548 1742 sed
559 1695 617 1742 esto
631 1706 733 1752 secura,
748 1688 802 1742 iam
813 1687 886 1741 enim
899 1686 1032 1756 excipiam

256 1781 284 1828 te
299 1783 330 1829 ut
347 1776 448 1831 bonam
465 1796 563 1833 nurum
575 1774 723 1833 condecet’.
744 1775 840 1832 et‘ubi
857 1773 927 1831 sunt'
941 1777 1032 1848 inquit
1053 1802 1075 1843 10

252 1861 425 1924 ‘Sollicitudo
442 1878 524 1942 atqua
541 1871 683 1936 Tristities,
703 1871 817 1926 ancillae
835 1866 943 1924 meael'
968 1869 1031 1940 qni·

255 1959 307 2012 bus
332 1960 404 2013 intro
428 1962 531 2015 uocatis
555 1961 733 2031 torquendam
758 1961 872 2015 tradidit
894 1977 964 2014 eam.
1002 1970 1031 2015 at
1102 1958 1103 2053 l

255 2049 317 2103 illae
335 2060 479 2119 sequentes
491 2050 556 2105 erile
569 2059 743 2123 praeceptum
755 2051 878 2121 Psychen
896 2051 1030 2106 misellam

255 2138 369 2207 flagellis
387 2140 516 2195 afflictam
533 2149 562 2194 et
579 2142 676 2196 ceteris
691 2142 834 2196 tormentis
848 2143 1030 2216 excruciatam
1101 2126 1102 2135 ἵ

254 2228 354 2282 iterum
372 2229 498 2285 dominae
516 2232 674 2301 conspectui
691 2232 817 2286 reddunt.
851 2239 918 2286 tunc
936 2249 1030 2286 rursus
1050 2252 1075 2293 ia

253 2318 361 2373 sublato
379 2319 436 2374 risu
448 2321 541 2375 Venus
556 2318 609 2374 ‘set
626 2319 695 2376 ecce'
715 2323 804 2393 inquit
817 2319 908 2376 ‘nobis
925 2322 1030 2392 turgidi

255 2411 359 2464 uentris
389 2412 431 2465 sui
460 2411 595 2466 lenocinio
627 2420 781 2467 commouet
816 2412 1026 2476 miserationem,
1100 2430 1101 2439 ¹

313 2579 335 2619 il
346 2579 424 2630 cepturi
439 2576 443 2634 Ι
461 2579 608 2623 annaneane
625 2579 629 2634 Ι
646 2580 672 2623 23
683 2590 750 2632 panas
767 2584 778 2628 ΙΙ
796 2579 948 2623 2reuitentem
960 2579 991 2629 Ι*
1007 2585 1029 2621 et

254 2663 362 2703 cuperem.
373 2663 406 2702 q:
416 2654 543 2695 retinentem
553 2652 589 2702 ro
610 2649 615 2706 Ι
636 2654 798 2705 assequentem
807 2652 913 2695 lutatus:
925 2654 1026 2703 trequen-

254 2730 290 2765 ter
299 2723 321 2765 F
327 2725 424 2766 furenter
434 2724 455 2766 F
462 2726 485 2766 in
495 2737 564 2781 mara.
575 2731 622 2776 etp
634 2723 639 2778 Ι
651 2726 772 2768 edentem·
785 2726 789 2778 Ι
804 2725 868 2766 ldset
875 2724 983 2766 letatus:
994 2725 1011 2766 it

255 2798 336 2849 turgidi
345 2807 402 2837 corr.
413 2807 439 2836 ea·
448 2798 541 2850 turgidis
552 2795 556 2849 Ι
576 2796 600 2837 17
612 2796 718 2838 lenocinio
728 2806 785 2836 corr.
797 2807 822 2836 ec
831 2795 939 2837 lenocinia

112 3156 864 3335 ,ΩΔ
