2244 3370
334 278 447 318 PSYCHE
465 279 502 319 ET
523 278 630 318 CVPIDO
849 271 864 318 9

93 418 186 474 ualido
208 437 321 490 pompae
346 420 439 490 populi
463 421 651 490 prosequentis
672 435 730 473 sese
748 420 864 474 miscuit.
892 363 911 404 v

96 511 151 563 itur
169 510 203 563 ad
223 511 403 563 constitutum
416 511 557 580 scopulum
570 510 671 563 montis
683 510 770 575 ardui,
791 511 868 564 cuius
946 519 950 526 '

95 601 124 654 in
143 618 247 653 summo
260 601 399 653 cacumine
413 606 540 653 statutam
553 600 671 670 puellam
685 601 777 654 cuncti
789 601 868 654 dese-

62 710 75 749 5
95 698 170 755 runt,
189 690 337 760 taedasque
354 684 489 761 nuptiales
502 691 600 759 quibus
609 690 803 760 praeluxerunt
814 690 868 744 ibi-

52 762 56 773 ⁵
96 782 157 835 dem
175 779 293 833 lacrimis
312 781 367 834 suis
392 780 526 833 extinctas
549 780 733 849 relinquentes
757 781 869 834 deiectis

95 871 230 942 capitibus
248 870 444 924 domuitionem
462 878 566 940 parant.
594 878 621 923 et
642 870 733 924 miseri
758 872 867 940 quidem

95 969 222 1032 parentes
240 960 298 1013 eius
315 968 392 1014 tanta
410 961 486 1014 clade
505 960 620 1025 delessi,
647 960 754 1014 clausae
773 961 870 1014 domus
912 958 914 961 ’

97 1051 216 1104 abstrusi
238 1052 358 1104 tenebris
382 1058 527 1122 perpetuae
549 1052 623 1104 nocti
647 1068 705 1104 sese
730 1051 866 1105 dedidere.

1 1199 2 1208 p
46 1156 76 1196 10
96 1142 220 1212 Psychen
233 1149 323 1195 autem
336 1148 481 1210 pauentem
495 1159 525 1194 ac
537 1141 722 1211 trepidantem*
730 1150 758 1194 et
770 1142 798 1195 iri
811 1140 869 1212 ipso

4 1266 24 1302 3
68 1277 70 1279 .
98 1232 201 1302 scopuli
219 1231 322 1285 uertice
341 1230 486 1284 deflentem
506 1230 578 1284 mitis
596 1247 661 1284 aura
679 1231 797 1285 molliter
815 1231 868 1301 spi-

15 1345 21 1354 ·
97 1323 184 1375 rantis
196 1321 321 1391 Zephyri,
337 1321 453 1374 uibratis
464 1321 528 1374 hinc
541 1321 605 1374 inde
617 1319 722 1373 laciniis
735 1328 763 1373 et
775 1321 870 1374 reflato

9 1432 12 1441 ⁴
98 1413 160 1465 sinu
178 1411 278 1463 sensim
297 1411 414 1464 leuatam
434 1429 483 1464 suo
499 1410 646 1480 tranquillo
659 1410 756 1480 spiritu
768 1411 870 1465 uehens

98 1500 228 1572 paulatim
239 1518 288 1570 per
301 1500 406 1554 deuexa
416 1501 490 1570 rupis
503 1501 634 1566 excelsae,
654 1500 732 1554 uallis
744 1501 871 1554 subditae

47 1605 78 1644 15
98 1591 222 1645 florentis
240 1590 348 1661 cespitis
366 1590 469 1659 gremio
486 1591 584 1644 leniter
597 1591 734 1660 delapsam
746 1591 867 1645 reclinat.

150 1681 256 1751 Psyche
277 1681 380 1734 teneris
402 1689 430 1734 et
452 1681 575 1733 herbosis
598 1680 664 1733 locis
687 1680 715 1733 in
733 1682 791 1751 ipso
809 1691 870 1733 toro
891 1683 904 1731 l

96 1771 197 1824 roscidi
215 1770 345 1839 graminis
363 1770 447 1823 suaue'
463 1771 598 1824 recubans
610 1778 687 1824 tanta
698 1771 797 1824 mentis
808 1788 871 1841 per-

97 1860 253 1914 turbatione
272 1861 365 1914 sedata
384 1860 463 1914 dulce
482 1861 647 1930 conquieuit.
672 1861 779 1930 iamque
798 1860 872 1914 suffi-

99 1950 183 2004 cienti
200 1957 321 2003 recreata
339 1968 433 2004 somno
452 1950 559 2020 placido
572 1951 690 2018 resurgit
703 1951 800 2003 animo.
829 1952 872 2004 ui-

154 2128 167 2169 2
177 2140 233 2180 pope
242 2129 264 2168 F
271 2141 328 2170 corr.
335 2128 366 2178 ,Ρ
375 2131 431 2181 ρῠρε
441 2141 458 2178 φ
470 2127 475 2182 Ι
492 2130 504 2170 6
514 2130 623 2171 extinctas
633 2137 664 2175 φτ
674 2131 767 2170 sxtictas
780 2128 784 2180 Ι
796 2129 808 2170 6
818 2129 873 2170 Fal-

96 2202 185 2252 yenatio
194 2213 266 2252 capos.
276 2213 397 2242 romonum
408 2202 478 2252 orttiq.
491 2213 517 2251 p.
527 2201 568 2242 564
578 2202 702 2253 choragium
713 2201 794 2243 dicitur
804 2202 874 2254 uirgi-

49 2288 54 2295 ·
98 2275 233 2325 malesanus,
250 2274 306 2314 sicut
316 2275 422 2324 Apuleius
431 2274 454 2313 in
465 2274 644 2314 metamorfoseon
660 2275 692 2314 ait
707 2274 815 2326 ‘choragio
830 2275 873 2314 ita-

98 2359 141 2397 que
152 2346 248 2396 perfecto
259 2346 329 2385 omnis
338 2346 493 2386 domuitionem
503 2345 597 2396 parant‘.
617 2344 621 2398 Ι
641 2346 734 2386 anoctis
750 2345 755 2393 1
774 2346 797 2386 10
807 2346 875 2395 trepi-

99 2421 148 2460 dam
155 2420 192 2467 sp
209 2417 214 2470 Ι
233 2416 256 2457 11
268 2414 435 2477 defluentem5l
453 2415 479 2457 12
495 2414 593 2469 zephiri}
612 2417 719 2458 uibrantis
735 2415 740 2468 Ι
758 2418 783 2458 13
799 2416 878 2457 sincF

99 2489 158 2539 ιίῡφ
171 2487 175 2543 l
187 2491 341 2530 numleuetem
350 2488 413 2529 solo?
422 2489 514 2529 Iahnius
526 2487 531 2541 1
542 2488 672 2538 uehensp‘:
682 2491 799 2530 uehemens
808 2488 846 2539 rc
859 2486 863 2540 Ι

100 2564 126 2603 lb
139 2567 191 2612 port
207 2563 300 2602 reclinat
314 2562 339 2601 irs
352 2561 374 2601 F
386 2561 531 2611 subscriptam
546 2565 578 2602 est

210 2635 255 2685 Ego
264 2634 376 2673 sallustius
386 2633 428 2683 legi
439 2638 461 2672 et
470 2634 583 2673 emendaul
594 2645 653 2673 rome
663 2633 726 2673 felix.

211 2706 312 2745 ΜΕΤΗΑ
324 2706 522 2746 MORPHOSEON
533 2707 580 2746 LIB
592 2725 598 2737 ·
610 2707 655 2746 1111
667 2725 672 2737 ·
684 2704 763 2754 explic.

212 2778 338 2819 INCIPIT·
351 2780 369 2818 V
381 2797 386 2809 ·
399 2777 551 2817 FELICITER
563 2798 569 2810 ·
