2244 3370
357 238 471 280 narona
490 240 526 280 nr
546 237 654 279 cvrrno
859 226 891 276 23

913 319 932 362 V

119 364 208 453 quiro,
228 383 283 436 iam
301 381 340 436 nil
358 381 483 435 officiunt
500 379 566 433 mihi
585 398 635 434 neo
654 381 728 451 ipsae
746 389 894 434 nocturnae

119 474 264 527 tenebrae:
290 479 371 527 teneo
389 479 416 525 te
434 488 525 525 meum
542 468 652 524 lumen.’
689 471 731 524 his
756 472 846 525 uerbis
868 480 896 526 et

120 563 289 632 amplexibus
307 562 435 616 mollibus
449 561 608 615 decantatus
626 562 740 615 maritus
758 562 895 616 lacrimas-

120 670 173 723 que
192 653 217 706 ei
235 652 291 705 suis
309 640 431 706 crinibus
444 652 587 720 detergens
601 651 736 705 facturum
748 652 895 722 spopondit

67 751 99 792 20
120 751 149 796 et
167 743 314 813 praeuertit
331 742 422 796 statim
441 742 533 795 lumen
551 743 688 795 nascentis
707 743 770 796 diei.

190 833 288 901 Iugum
306 833 438 886 sororium
456 849 625 902 consponsae
647 832 773 886 factionis
785 850 825 885 -ne
844 851 895 903 pa·
916 834 946 882 14

119 922 244 977 rentibus
260 922 370 993 quidem
389 921 455 975 uisis
473 929 546 977 recta
565 923 599 976 de
617 923 734 976 nauibus
753 922 894 994 scopulum

120 1020 218 1084 petunt
240 1012 316 1066 illum
340 1012 482 1082 praecipiti
507 1030 568 1066 cum
586 1013 730 1066 uelocitate
750 1030 799 1067 nec
817 1014 894 1067 uenti

119 1102 233 1156 ferentis
247 1109 375 1172 oppertae
388 1103 568 1173 praesentiam
580 1102 722 1156 licentiosa
734 1121 796 1156 cum
808 1111 895 1156 teme-

86 1207 98 1247 5
118 1194 200 1247 ritate
218 1192 363 1262 prosiliunt
381 1193 410 1245 in
427 1192 521 1246 altum.
543 1210 592 1247 nec
604 1193 744 1246 immemor
756 1195 894 1264 Zephyrus

118 1283 216 1353 regalis
235 1283 327 1347 edicti,
347 1282 470 1353 quamuis
488 1283 602 1347 inuitus,
623 1291 761 1355 susceptas
774 1300 819 1338 eas
831 1300 894 1353 gre-

118 1374 174 1427 mio
193 1373 321 1444 spirantis
339 1390 419 1426 aurae
438 1373 495 1426 solo
514 1372 642 1426 reddidit.
664 1380 692 1426 at
704 1373 765 1427 illae
782 1375 895 1429 incunc-

117 1471 192 1518 tatae
216 1463 306 1517 statim
330 1463 453 1517 conferto
477 1462 595 1531 uestigio
614 1463 724 1517 domum
749 1471 895 1534 penetrant

118 1553 328 1623 complexaeque
346 1554 474 1623 praedam
487 1571 563 1606 suam
576 1570 681 1606 sorores
694 1554 804 1606 nomine
816 1571 893 1607 men-

67 1653 97 1693 10
118 1644 219 1697 tientes
246 1644 478 1713 thensaurumque
508 1644 618 1714 penitus
648 1644 758 1697 abditae
790 1644 893 1697 fraudis

118 1734 199 1787 uultu
211 1733 282 1787 laeto
298 1740 422 1803 tegentes
441 1734 479 1787 sic
498 1733 611 1788 adulant
632 1731 756 1804 ‘Psyche
783 1751 838 1787 non
855 1734 894 1787 ita

117 1832 149 1877 tu
167 1823 272 1893 pridem
283 1824 395 1894 paruula
407 1832 434 1877 et
445 1824 504 1893 ipsa
522 1824 576 1876 iam
594 1830 681 1877 mater
698 1831 740 1877 esi
761 1830 893 1894 quantum

117 1921 199 1984 putas
222 1914 288 1967 boni
313 1914 391 1967 nobis
414 1914 443 1967 in
467 1915 520 1968 ista
541 1914 613 1983 geris
636 1914 744 1984 perula!
783 1915 893 1985 quantis

117 2004 228 2074 gaudiis
249 2011 335 2058 totam
354 2004 464 2058 domurn
486 2011 605 2058 nostram
628 2003 771 2058 hilarabisl
809 2021 894 2058 onos

66 2106 97 2146 15
117 2095 222 2158 beatas,
243 2111 310 2164 quas
328 2094 442 2148 infantis
460 2095 535 2149 aurei
553 2095 719 2149 nutrimenta
734 2095 890 2148 laetabuntl

116 2184 164 2254 qui
177 2185 205 2241 ,si
223 2193 367 2254 parentum
385 2192 416 2239 ut
434 2192 541 2255 oportet
559 2184 755 2255 pulchritudini
778 2202 893 2254 respon·

118 2274 204 2338 derit,
230 2291 340 2344 prorsus
364 2275 471 2345 Cupido
496 2272 639 2330 nascetur.’
677 2275 715 2327 sic
740 2274 892 2329 adiectione
914 2281 944 2330 15

117 2364 245 2418 simulata
262 2365 393 2435 paulatim
411 2366 510 2419 sororis
528 2365 664 2419 inuadunt
682 2365 810 2418 animum.
836 2373 893 2418 sta-

176 2528 200 2570 19
210 2530 317 2570 iacturum
324 2530 371 2580 sp:
383 2531 478 2571 laturum
488 2533 498 2577 ΙΙ
511 2531 523 2571 4
534 2536 622 2582 apperte
634 2530 638 2582 Ι
650 2532 662 2570 d
673 2532 753 2582 gremio
759 2533 788 2581 s:
799 2531 892 2583 gramiol

115 2600 280 2653 9complexeq3
300 2599 305 2654 Ι
327 2603 466 2642 ementientes
486 2603 602 2643 Michaelis
622 2599 627 2654 Ι
653 2603 678 2643 10
695 2601 892 2655 thesaurumq3sl

119 2672 144 2714 12
153 2679 178 2714 tu
189 2673 298 2715 Iahnius:
315 2678 339 2714 ut
357 2671 361 2725 Ι
379 2675 460 2725 pridem
477 2673 527 2723 Fa:
542 2672 646 2725 pridies*
661 2675 743 2724 pridem
760 2676 783 2715 io
797 2675 895 2726 maraine

110 2745 152 2796 s‘·
165 2742 169 2799 Ι
193 2746 217 2786 14
228 2753 325 2786 nostrum
334 2745 356 2784 F
363 2757 420 2788 corr.
432 2740 464 2785 1³¹
477 2745 481 2798 Ι
495 2746 520 2787 15
530 2747 622 2788 intactis
