2244 3370
261 239 293 289 58
584 249 708 303 sevnnrt

210 332 230 372 v

221 331 242 461 '1
256 391 387 445 uiaticum
400 391 483 445 debet
494 406 633 460 quaerere,
654 399 681 444 et
692 408 737 444 ees
751 391 774 444 si
786 390 857 445 forte
869 408 936 461 prae
949 410 1037 446 manu

257 499 313 534 non
325 480 416 545 fuerit,
431 497 511 534 nemo
524 498 586 534 eum
599 479 720 551 expirare
732 480 858 551 patietur.
872 482 938 536 huic
949 500 1036 554 squa-

256 571 313 625 lido
326 570 384 625 seui
397 570 475 624 dabis
489 570 563 624 nauli
575 569 686 625 nomine
699 571 733 624 de
745 569 861 640 stipibus
873 590 943 643 quas
962 573 1035 628 feres

257 661 378 725 alterum,
397 660 435 714 sic
454 669 545 715 tamen
562 668 594 714 ut
607 660 664 730 ipse
677 678 726 714 sua
737 677 820 714 manu
833 662 866 715 de
878 670 928 716 tuo
942 672 1035 718 sumat

257 769 311 805 ore.
343 769 393 805 nec
412 750 496 804 setius
513 750 564 805 tibi
582 750 690 821 pigrum
707 749 839 804 fluentum
851 753 1034 807 transmeanti
1054 761 1081 802 25

256 842 367 913 quidam
385 850 564 912 supernatans
582 857 666 894 senex
683 848 807 894 mortuus
828 841 916 911 putris
940 843 1032 897 adtol-

256 933 315 987 lens
332 949 428 985 manus
447 929 536 983 orabit
554 936 585 982 ut
602 946 665 982 eum
682 929 754 983 intra
766 930 909 998 nauigium
920 933 1030 997 trahes;

208 1025 239 1075 19
257 1029 356 1076 noctu
374 1029 466 1075 tamen
483 1019 589 1074 inlicita
605 1018 749 1074 adflectare
767 1020 876 1090 pietate.
913 1023 1032 1076 transito

256 1111 341 1166 fluuio
358 1111 496 1165 modicum
517 1118 544 1164 te
567 1126 736 1179 progressam
760 1110 887 1165 textrices
912 1112 1033 1166 orabunt

257 1221 335 1267 anus,
353 1201 436 1257 telam
454 1207 600 1264 struentes,
620 1217 716 1254 munus
728 1200 864 1270 paulisper
875 1218 1032 1255 accommo-

258 1294 319 1357 des;
346 1309 396 1346 nec
414 1292 444 1345 iu
461 1299 552 1344 tamen
570 1288 621 1343 tibi
639 1289 797 1358 contingere
815 1290 856 1344 ias
876 1298 927 1344 est.
967 1309 1031 1347 nam

256 1383 322 1437 haec
341 1382 431 1436 omnia
448 1380 500 1435 tibi
518 1388 546 1433 et
563 1379 648 1434 multa
666 1379 719 1434 alia
737 1380 770 1434 de
788 1380 902 1435 Veneris
919 1381 1030 1435 insidiis
1051 1397 1063 1434 5

256 1474 388 1535 orientur,
404 1479 435 1525 ut
447 1471 492 1525 uel
504 1488 586 1524 unam
599 1470 632 1524 de
644 1470 770 1524 manibus
782 1470 892 1524 omittes
905 1471 1028 1525 offulam.

257 1580 306 1617 nec
324 1570 403 1632 putes
421 1560 498 1614 futile
516 1560 592 1614 istud
608 1560 790 1630 polentacium
810 1561 938 1614 damnum
956 1561 1028 1616 leue.

256 1653 341 1707 ultera
358 1651 430 1706 enirn
448 1650 564 1722 perdita,
584 1650 631 1704 lux
645 1651 711 1704 haec
723 1649 774 1704 tibi
786 1656 895 1720 prorsus
909 1651 1031 1721 denega·

256 1744 338 1797 bitur.
376 1742 451 1796 canis
469 1758 585 1812 namque
602 1740 779 1813 praegrandis
796 1740 904 1809 teriugo
923 1749 951 1795 et
963 1743 1031 1796 satis

257 1832 345 1904 amplo
363 1833 451 1903 capite
470 1832 624 1904 praeditus,
649 1831 773 1884 immanis
792 1838 820 1884 et
836 1830 1028 1896 formidabilis,
1050 1844 1075 1883 to

257 1923 414 1978 tonantibus
439 1923 577 1976 oblatrans
601 1920 738 1985 faucibus,
763 1928 900 1984 mortuos,
929 1921 1030 1991 quibus

256 2012 309 2066 ium
322 2013 361 2066 nil
372 2013 437 2066 mali
447 2020 538 2082 potest
549 2013 648 2075 iacere,
667 2011 768 2079 frustra
782 2011 942 2074 territando,
964 2020 1029 2066 aute

256 2103 346 2173 ipsum
363 2102 446 2156 limen
465 2110 493 2156 et
510 2110 568 2156 atra
586 2101 654 2157 utria
667 2101 845 2172 Proserpinae
861 2118 968 2171 semper
980 2120 1029 2155 ex-

185 2248 190 2255 ,
257 2192 369 2256 cubans,
384 2199 478 2246 seruat
488 2209 604 2246 uacuam
616 2191 690 2245 Ditis
704 2191 822 2245 domurn.
854 2191 927 2244 hunc
946 2191 1029 2245 offre-

256 2289 351 2335 natum
368 2282 449 2335 unius
467 2280 567 2335 offulae
584 2281 685 2350 praeda
703 2280 782 2334 facile
806 2280 968 2351 praeteribis
993 2282 1030 2336 ad
1050 2289 1074 2329 15

256 2372 396 2442 ipsamque
410 2371 535 2442 protinus
547 2370 736 2441 Proserpinam
756 2369 893 2434 introibis,
914 2388 985 2440 quae
1001 2380 1029 2425 te

257 2461 370 2515 comiter
381 2460 499 2531 excipiet
510 2478 541 2514 ac
553 2460 682 2529 benigne,
697 2467 728 2514 nt
740 2470 768 2514 et
779 2459 896 2514 molliter
907 2461 1029 2515 assidere

311 2685 339 2728 26
349 2687 452 2738 putrixF
464 2686 546 2736 coras
559 2683 564 2739 Ι
579 2685 605 2727 27
616 2687 690 2728 tradm
707 2684 711 2737 Ι
729 2685 755 2727 28
766 2686 853 2736 pietatis
868 2686 889 2726 F
901 2698 958 2727 corr.
970 2687 1022 2735 5¹11

258 2758 407 2811 lprogrcssal
421 2759 443 2799 ll
456 2759 584 2799 consutlbnc
596 2755 601 2809 Ι
612 2752 711 2798 falcibus
723 2755 727 2809 Ι
741 2757 765 2797 15
776 2758 842 2797 ollula
