2244 3370
325 240 439 281 PSYCHE
457 241 494 283 ΕΤ
515 240 621 282 CVPIDO
832 233 861 281 17

863 327 897 368 ,v

89 383 210 453 denique
228 382 313 436 altera
331 400 424 437 earum
442 382 508 437 satis
526 383 684 453 scrupulose
702 384 862 454 curioseque

89 473 245 544 percontsri
268 490 325 526 non
348 473 464 537 desinit,
490 473 552 543 quis
574 473 682 527 illarum
705 474 862 528 caelestium

89 581 182 618 rerum
199 564 335 627 dominus,
356 564 452 633 quisue
471 564 516 617 uel
533 564 622 634 qualis
634 564 719 634 ipsius
732 565 768 617 sit
779 565 862 618 meri-

42 673 70 713 10
89 661 142 709 tus.
164 670 214 707 neo
231 659 324 708 tamen
336 654 441 724 Psyche
454 653 596 723 coniugale
608 653 677 708 illud
689 662 863 725 praeceptum

89 745 145 799 ullo
165 751 244 815 paeto
262 752 378 798 temerat
393 745 437 797 uel
449 744 568 814 pectoris
580 744 687 798 areanis
700 745 794 814 exigit,
815 746 864 799 sed

90 853 105 889 e
123 853 152 889 re
171 842 236 888 nata
254 834 387 904 confingit
399 852 458 888 esse
470 834 598 888 iuuenem
611 835 748 905 quendam
761 843 789 888 et
801 853 863 905 spe-

90 926 194 979 ciosum
212 931 240 979 et
251 925 423 978 commodum
436 924 531 978 lanoso
544 925 663 979 barbitio
675 941 760 994 genas
772 925 863 978 inum-

88 1016 225 1079 brantem,
239 1009 397 1085 plerumque
409 1014 573 1069 rurestribus
586 1033 617 1069 ao
628 1015 766 1069 montanis
777 1033 863 1069 uena-

42 1120 71 1160 15
90 1105 165 1159 tibus
183 1114 359 1175 occupatum,
386 1111 414 1158 et
432 1123 522 1175 nequa
540 1105 672 1158 sermonis
690 1107 862 1175 procedentis

88 1195 150 1249 labe
176 1195 320 1249 eonsilium
347 1195 462 1249 tacitum
489 1195 662 1265 proderetur,
694 1213 761 1249 euro
789 1196 862 1250 lacto

89 1286 289 1356 gemmosisque
308 1285 455 1339 monilibus
473 1292 585 1339 onustas
603 1303 649 1340 eas
661 1287 753 1340 statim
766 1299 862 1341 uocato

89 1376 214 1446 Zephyro
231 1376 316 1430 tradit
333 1376 520 1446 reportandas.

142 1464 205 1523 Quo
223 1473 354 1536 protenus
372 1473 527 1536 perpetrato
546 1483 651 1521 sorores
669 1467 795 1536 egregiae
814 1468 861 1521 do·
880 1471 896 1521 9

89 1574 165 1609 mum
188 1556 334 1610 redeuntes
357 1556 466 1625 iamque
490 1556 629 1624 gliscentis
653 1557 775 1611 inuidiae
799 1557 861 1612 felle

88 1646 238 1717 flagrantes
262 1647 348 1701 multa
371 1664 462 1700 seeum
485 1646 656 1700 sermonibus
679 1648 782 1700 mutuis
800 1664 862 1728 per-

89 1738 258 1806 strepebant.
296 1737 334 1790 sio
359 1737 478 1806 denique
502 1737 564 1792 infit
581 1737 667 1791 altera
686 1737 733 1790 ‘en
751 1738 818 1791 orba
835 1746 862 1791 et

57 1846 70 1885 s
89 1846 174 1882 saeua
191 1834 220 1882 et
236 1828 333 1898 iniqua
350 1827 486 1881 Fortunat
513 1827 610 1881 hocine
628 1828 680 1881 tibi
699 1828 863 1897 complacuit

89 1927 121 1973 ut
143 1926 259 1989 utroque
281 1925 393 1988 parente
420 1926 570 1988 prognatae
598 1917 734 1971 diuersam
762 1925 862 1972 sortem

89 2008 306 2063 sustineremus?
323 2016 351 2061 et
368 2025 419 2060 nos
437 2007 558 2078 quidem,
578 2025 648 2078 quae
667 2016 734 2061 natu
746 2009 861 2063 maiores

89 2115 193 2162 sumus,
213 2098 317 2152 maritis
336 2098 450 2152 aduenis
468 2097 584 2152 ancillae
602 2098 721 2162 deditae,
742 2106 861 2152 extorres

90 2197 119 2243 et
137 2190 194 2243 lare
213 2195 241 2243 et
259 2189 319 2259 ipsa
336 2188 425 2259 patria
443 2188 588 2258 degamus,
614 2188 695 2257 longe
718 2197 862 2259 parentum

40 2295 69 2336 ro
88 2279 167 2334 uelut
178 2278 329 2343 exulantes,
344 2279 411 2333 haee
429 2287 520 2332 autem
532 2278 690 2342 nouissima,
705 2297 787 2349 quam
805 2279 863 2333 fetu

147 2456 171 2495 11
181 2453 281 2495 orcheni·
289 2453 293 2505 l
301 2451 326 2493 13
334 2456 355 2493 et
361 2462 387 2502 o:
394 2464 427 2492 om
433 2451 454 2492 F
458 2454 462 2503 1
473 2453 496 2493 ll
503 2453 639 2495 siluestribus
648 2452 772 2501 Michaelis!
782 2454 862 2504 ltpro-

89 2528 225 2576 cedentlsor
232 2523 413 2576 praecederetur,
423 2528 475 2565 teste
481 2525 652 2577 Eyssentarasto
659 2527 810 2577 eproeedentie
816 2539 864 2566 eor·

88 2603 173 2641 reolum
191 2601 202 2645 ΙΙ
221 2598 231 2638 1
243 2597 327 2650 egregie
339 2593 343 2649 Ι
356 2595 430 2646 melle
442 2596 447 2644 1
459 2596 471 2637 3
481 2597 600 2648 {rugientes
611 2595 615 2651 1
628 2599 640 2638 t
653 2599 757 2640 “hocine
769 2595 773 2651 Ι
791 2598 803 2639 6
814 2610 864 2648 pro·

89 2669 184 2725 gnate?
190 2673 308 2721 prognatae
318 2679 400 2710 sorores
410 2668 504 2710 lansius
513 2674 631 2720 prognatae
641 2671 715 2711 eodem
723 2669 837 2710 Michaelis
848 2666 853 2721 Ι

90 2744 101 2784 7
113 2750 195 2786 natura
204 2752 266 2782 eroso
276 2753 300 2782 ra
310 2740 331 2781 F
338 2747 391 2783 netu
402 2751 418 2791 φ
430 2737 434 2794 1
447 2741 459 2782 8
470 2741 549 2782 ancille
560 2741 634 2782 dedite
873 2738 875 2743 ’
