2244 3370
321 291 434 333 Porum:
452 293 488 333 ET
509 292 616 333 CVPIDO
735 317 738 321 <
820 283 853 332 45

874 374 904 415 VI

79 433 164 487 dilexi
181 434 255 496 loco,
279 441 417 503 praestare
434 451 478 487 me
497 434 585 503 pudor
602 451 660 487 non
677 434 750 487 sinit.
787 441 852 487 tunc

27 530 58 571 20
78 524 160 578 etiam
178 522 293 592 legibus,
314 541 384 593 quae
399 541 492 577 seruos
505 523 606 577 alienos
619 524 747 594 perfugas
759 525 853 578 inuitis

79 614 197 668 dominis
215 620 310 668 uetant
328 614 438 684 suscipi,
458 611 620 683 prohibeor.’

130 703 187 757 Isto
200 721 307 774 quoque
325 703 451 758 fortunae
470 703 613 773 naufragio
626 704 731 775 Psyche
748 712 853 775 perter-
890 711 904 759 5

77 795 131 847 rita
150 811 199 847 nec
218 793 345 864 indipisci
367 794 422 847 iam
445 794 572 848 maritum
589 794 728 849 uolatilem
746 795 851 864 quiens,

78 893 139 938 tota
155 901 206 955 spe
221 884 316 937 salutis
329 884 451 954 deposita
470 884 507 937 sic
526 885 586 955 ipsa
599 902 661 939 suas
674 885 853 954 cogitationes

79 974 217 1029 consuluit
243 971 308 1028 ‘iam
331 991 400 1043 quae
424 982 539 1044 possunt
563 973 616 1028 alia
633 975 699 1028 meis
718 976 853 1029 aerumnis

45 1078 58 1117 5
79 1065 206 1135 temptari
232 1064 284 1130 [uel
306 1064 438 1131 adhiberi]
465 1064 597 1128 subsidia,
623 1065 666 1118 cui
689 1083 724 1118 ne
743 1066 854 1120 dearum

80 1156 190 1226 quidem
208 1171 372 1226 quamquam
389 1154 539 1208 nolentium
557 1162 706 1226 potuerunt
725 1156 853 1225 prodesse

11 1312 12 1319 ἵ
80 1245 230 1315 suffragia?
265 1261 392 1314 quorsum
416 1245 508 1315 itaque
526 1245 610 1299 tantis
626 1245 732 1315 laqueis
750 1245 854 1300 inciusa

80 1336 226 1405 uestigium
249 1335 405 1405 porrigam?
439 1335 591 1406 quibusque
614 1336 693 1389 tectis
710 1335 755 1389 uel
773 1337 854 1390 etiam

80 1426 201 1480 tenebris
225 1425 386 1479 abscondita
409 1442 524 1495 magnae
542 1425 656 1479 Veneris
682 1425 854 1480 ineuitabiles

29 1529 59 1569 to
80 1516 174 1571 oculos
198 1515 346 1585 effugiam?
381 1515 448 1585 quin
471 1516 555 1585 igitur
577 1516 725 1570 masculum
742 1516 854 1570 taudem

81 1608 165 1661 sumis
183 1607 303 1661 animum
321 1613 349 1658 et
366 1623 458 1659 cassae
476 1605 600 1675 speculae
616 1590 759 1660 renuntias
777 1606 854 1660 forti-

80 1708 123 1752 ter
135 1705 163 1751 et
175 1697 327 1751 ultroneam
339 1703 367 1749 te
380 1696 506 1750 dominae
521 1702 583 1748 tuae
594 1696 686 1750 reddis
699 1703 727 1749 et
739 1696 783 1750 uel
796 1713 855 1749 sera

80 1788 215 1842 modestia
238 1787 389 1840 saeuientes
416 1785 532 1856 impetus
560 1785 618 1839 eius
645 1786 773 1854 mitigas?
807 1783 855 1856 qui

81 1879 168 1941 scias,
188 1894 223 1930 au
242 1877 323 1930 etiarn
341 1893 421 1946 quem
437 1876 483 1929 diu
502 1875 638 1946 quaeritas
656 1875 710 1929 illic
729 1877 758 1929 in
775 1875 855 1929 domo

31 1988 61 2028 15
79 1968 175 2038 matris
187 1963 347 2037 repperiesi
367 1966 404 2020 sio
418 1966 454 2020 ad
465 1966 578 2020 dubium
590 1967 758 2036 obsequium,
773 1966 855 2020 immo

81 2060 117 2114 ad
135 2065 239 2112 certum
257 2056 367 2110 exitium
386 2063 547 2127 praeparata
565 2056 727 2127 principium
748 2055 855 2111 futurae

11 2150 17 2205 i
80 2167 173 2204 secum
190 2147 373 2202 meditabatur
390 2146 592 2200 obsecrationis.

132 2240 171 2292 At
192 2237 284 2291 Venus
308 2236 422 2291 terrenis
446 2237 572 2291 remediis
597 2237 781 2306 inquisitionis
804 2239 853 2291 ab·
890 2240 906 2288 6

80 2346 169 2383 nuens
182 2327 286 2382 caelum
297 2327 374 2397 petit.
388 2326 465 2380 iubet
476 2327 597 2380 construi
610 2344 726 2390 currum,
738 2344 818 2397 quem
831 2328 855 2381 ei

80 2419 221 2474 Vulcanus
240 2416 345 2472 aurifex
362 2416 455 2470 subtili
472 2416 576 2471 fabrica
589 2416 709 2470 studiose
721 2417 857 2486 poliuerat

82 2529 239 2541 ‘-

137 2583 164 2623 20
175 2584 275 2635 profugas
284 2584 320 2624 ael
328 2584 429 2635 prologos
440 2593 452 2630 ς
466 2585 476 2630 ΙΙ
493 2582 597 2623 badiberi
608 2579 613 2634 Ι
624 2594 664 2623 neo
677 2578 681 2634 Ι
693 2582 838 2633 dquanquam
850 2584 854 2634 1

82 2658 94 2698 7
112 2667 214 2707 quorsum
233 2655 359 2696 Mercerus:
380 2648 510 2706 quo‘u‘sum
521 2653 542 2694 F
553 2650 726 2707 quorursumci
742 2653 857 2694 babscon-

82 2730 131 2770 dits
141 2737 217 2780 magns
227 2727 313 2768 ueneris
326 2725 400 2768 unul?
407 2726 457 2767 add.
468 2725 498 2767 ΡΙ
519 2724 524 2779 Ι
545 2726 675 2777 liquerim
690 2725 743 2766 illuc
761 2721 765 2778 1
787 2726 857 2765 t5re-

11 2826 17 2851 ,
81 2801 175 2851 parisos
193 2801 203 2846 tt
221 2799 339 2850 astudiosq
