2244 3370
370 874 623 936 PRAEFATIO

136 1147 257 1200 chrici
269 1147 359 1199 Keilii
374 1148 494 1218 eprepioe
512 1149 667 1218 dilipentiae
679 1153 756 1217 atque
765 1155 908 1218 promptae

80 1251 247 1304 humanitati
256 1252 343 1315 debeo,
359 1252 430 1320 quod
436 1251 564 1321 fabulam
575 1252 607 1304 de
618 1251 721 1320 Psyche
733 1257 758 1304 et
775 1252 909 1321 Cupidine
990 1286 998 1297 ·

81 1357 114 1408 ab
126 1355 246 1423 Apuleio
264 1355 293 1406 in
312 1354 389 1407 libris
407 1355 651 1423 metamorphoseon
670 1360 765 1423 quarto
778 1354 869 1423 quinto
884 1360 908 1407 et

81 1463 156 1511 scuto
186 1462 325 1510 narratam
350 1457 436 1525 paulo
465 1459 616 1510 accuratim
644 1476 723 1526 qaam
746 1459 779 1510 ab
806 1458 908 1510 Orellio

86 1560 184 1614 Turici
198 1579 268 1612 anno
287 1560 589 1612 MDOOOXXXIH
601 1561 672 1630 fieri
683 1561 773 1629 potuit
789 1562 910 1630 recopni-

81 1670 138 1716 tam
156 1666 233 1717 edere
250 1663 320 1716 licet.
347 1664 455 1716 Keilius
474 1663 544 1716 enim
562 1664 676 1716 codicem
694 1662 908 1716 Laurentianum

82 1767 145 1819 LX
150 1767 238 1830 VIII,
253 1773 268 1818 2
282 1767 311 1818 in
324 1767 483 1819 membranis
488 1769 600 1836 ferorae
612 1766 743 1819 maccimae
748 1767 861 1837 popinis
870 1767 915 1837 ὁπ’-Ι

75 1871 187 1940 fariam
203 1869 301 1922 diuisis
313 1888 329 1921 a
341 1858 477 1922 monachis
493 1870 663 1923 Casinatilrus
674 1874 703 1922 ut
711 1876 792 1939 putat
803 1871 908 1923 saeculo

81 1973 222 2026 undecimo
242 1973 339 2025 litteris
357 1973 555 2043 lonpobardicis
567 1973 697 2042 scriptum
711 1972 852 2043 dilipenter
864 1991 908 2026 er-

14 2064 16 2125 l
82 2076 180 2157 cussit,
203 2095 216 2127 e
234 2094 284 2144 quo
303 2095 391 2129 omncs
403 2075 452 2145 qui
458 2081 600 2145 praeterea
613 2080 703 2128 entant
714 2079 909 2146 metamorpho-

14 2181 16 2187 '
82 2198 146 2232 seon
174 2179 278 2231 codices
305 2179 451 2248 descriptos
475 2198 530 2232 esse
550 2179 691 2248 perspexit
715 2185 740 2232 et
762 2181 909 2233 luculenter

82 2282 275 2334 demonstrauit
287 2282 315 2333 in
328 2282 454 2351 epimetro
465 2283 693 2336 obseruationibus
703 2283 805 2336 criticis
813 2284 843 2336 in
857 2284 908 2337 Oa-

81 2385 153 2437 tom‘s
169 2390 195 2436 et
208 2385 340 2439 Varronis
355 2387 386 2438 de
404 2404 434 2438 re
452 2386 553 2439 rustica
565 2385 648 2439 libros
661 2385 753 2439 addito
761 2406 793 2455 p.
803 2395 818 2441 7
821 2395 836 2440 7
848 2405 905 2456 sqq.

81 2507 150 2557 quae
171 2488 317 2557 disputatio
335 2508 414 2557 quam
433 2508 494 2542 uere
506 2489 628 2542 instituta
641 2490 677 2542 sit
689 2490 837 2545 clarissime
853 2491 907 2542 iam

77 2592 183 2660 patebit
212 2610 244 2643 ee·
268 2592 436 2645 adnotatione
461 2593 555 2646 critica
579 2593 668 2646 'uerbis
691 2594 855 2662 Apuleianis
878 2593 907 2645 in

80 2695 129 2747 leoc
153 2695 243 2746 libello
267 2696 426 2764 subscripta.
465 2697 557 2765 occepi
580 2697 650 2749 cnim
673 2698 731 2750 uiri
750 2697 908 2749 amicissimi

78 2797 205 2868 berceficio
224 2798 323 2850 codicis
342 2799 422 2851 liuius
442 2799 505 2863 (F)
523 2800 647 2852 lectiones
665 2801 697 2853 ab
711 2800 909 2853 Elmenliorstii
