2244 3370
341 275 454 316 rsrcun
472 276 509 316 ur
529 275 636 317 ovr1uo
844 265 874 315 19

67 435 80 474 5
99 419 220 488 lapidem
235 418 336 487 digitos
354 417 412 470 eius
429 417 586 487 perfricans,
606 417 734 471 fomentis
752 417 830 471 olidis
848 426 876 472 et
901 369 919 412 v

100 508 199 579 pannis
217 508 334 562 sordidis
351 515 379 560 et
396 506 504 561 faetidis
523 489 760 577 cataplasmatibus
779 525 876 562 manus

100 607 157 652 tam
172 598 299 652 delicatas
317 599 382 652 istas
400 599 527 661 adurens,
548 614 598 651 neo
617 598 709 651 uxoris
727 598 876 653 officiosam

101 689 213 753 faeiem,
239 689 288 742 sed
310 688 430 742 medicae
453 688 614 741 laboriosam
632 704 775 757 personam
794 689 877 742 susti·

101 797 180 833 nens.
201 786 229 831 et
246 786 277 832 tu
294 778 413 849 quidem,
433 795 518 843 soror,
538 778 649 842 uideris,
668 795 749 846 quam
760 778 876 848 patienti

52 884 80 924 10
100 869 147 922 uel
166 869 257 938 potius
275 869 369 922 seruili
388 869 484 933 (dicam
503 868 576 921 enim
592 868 676 922 libere
690 868 764 937 quod
776 869 871 932 sentio}

99 960 167 1014 haec
185 959 305 1029 perferas
322 959 421 1011 animo.
448 959 587 1012 enimuero
605 974 656 1027 ego
673 975 780 1028 nequeo
793 959 876 1013 susti-

101 1067 166 1102 nere
195 1048 308 1103 ulterius
337 1056 392 1102 tam
422 1048 530 1102 beatem
553 1047 692 1102 fortunam
721 1048 876 1119 conlapsam

100 1140 239 1208 indignae.
277 1139 419 1193 recordare
438 1138 525 1202 enim,
546 1156 627 1208 quam
646 1140 774 1209 superbe,
794 1156 875 1210 quam

101 1230 267 1298 adroganter
285 1229 427 1282 nobiscum
444 1229 530 1298 egerit
549 1237 576 1282 et
593 1230 652 1299 ipsa
669 1229 813 1283 iactatione
831 1229 876 1283 in·

52 1337 81 1377 15
100 1319 225 1373 modicae
249 1318 439 1374 ostentationis
463 1326 613 1373 tumentem
631 1337 710 1373 suum
727 1319 876 1390 prodiderit

101 1411 232 1473 animum,
253 1410 340 1480 deque
358 1409 442 1463 tantis
455 1409 557 1463 diuitiis
574 1410 673 1479 exigua
691 1410 770 1464 nobis
788 1410 876 1464 inuita

99 1499 244 1571 proiecerit
261 1499 459 1570 confestimque
478 1501 632 1569 praesentia
648 1508 741 1555 nostra
762 1509 877 1570 grauata

99 1589 214 1662 propelli
232 1596 260 1642 et
277 1589 364 1642 efflari
382 1590 573 1660 exsibilarique
597 1609 647 1644 nos
669 1591 786 1646 iusserit.
825 1607 875 1644 neo

100 1697 161 1735 sum
179 1680 275 1734 mulier
293 1696 343 1732 neo
356 1680 467 1732 omnino
479 1681 560 1750 spiro,
581 1683 633 1737 nisi
646 1701 705 1738 eam
719 1698 828 1752 pessum
841 1681 875 1734 de

32 1758 36 1766 ¹
49 1789 79 1831 20
99 1770 186 1824 tantis
199 1769 297 1840 opibus
310 1769 442 1823 deiecero.
468 1787 498 1824 ao
512 1769 534 1823 si
546 1769 597 1823 tibi
610 1770 701 1835 etiam,
719 1779 750 1825 ut
761 1788 811 1841 par
823 1779 873 1835 est,

99 1861 205 1915 inaruit
223 1867 315 1913 nostra
333 1860 511 1924 contumelia,
532 1860 675 1914 consilium
692 1860 812 1914 ualidum
831 1878 895 1915 re·,

100 1951 240 2022 quiramus
258 1950 361 2003 ambae.
386 1947 492 2020 iamque
510 1950 571 2014 ista,
592 1967 660 2020 quae
678 1951 798 2015 ferimus,
819 1968 874 2005 non

99 2040 261 2112 parentibus
274 2041 373 2093 nostris
386 2057 416 2094 ao
428 2057 479 2093 neo
491 2039 540 2093 ulli
552 2048 733 2095 monstremus
750 2040 804 2106 olii,
822 2042 875 2095 im-

99 2150 145 2189 mo
164 2149 215 2185 neo
233 2131 343 2184 omnino
357 2130 502 2200 quiequam
515 2130 548 2184 de
567 2130 626 2184 eius
643 2131 729 2186 salute
742 2131 871 2205 norimus.

48 2236 79 2279 25
99 2229 143 2276 sat
153 2228 204 2283 est,
225 2221 299 2291 quod
310 2221 384 2291 ipsae
396 2220 515 2274 uidimus
528 2237 597 2290 quae
609 2221 712 2275 uidisse
728 2222 872 2292 paenituit,

99 2312 203 2365 nedum
217 2319 249 2364 ut
261 2310 430 2379 genitoribus
442 2316 470 2362 et
482 2311 609 2365 omnibus
620 2311 728 2382 populis
739 2319 796 2366 tam
808 2313 874 2365 bea-

99 2410 159 2456 tum
182 2401 240 2454 eius
259 2400 416 2454 differamus
437 2400 619 2470 praeconium.
652 2419 702 2456 neo
721 2409 785 2456 sunt
802 2402 875 2457 euim

98 2507 256 2521 ..υ-*-

155 2565 168 2606 6
183 2566 264 2606 ordidis
278 2565 298 2605 F
311 2569 362 2606 teste
377 2565 534 2618 Willmannar‘o‚
551 2568 625 2618 pdidis
642 2572 689 2610 rest.
700 2568 773 2609 Kellia
787 2572 808 2609 et
817 2568 875 2620 Eys-

97 2638 302 2678 salmanasar.
314 2638 368 2677 etin
382 2649 452 2689 moro.
464 2638 581 2679 odeor.sor
596 2637 626 2679 ΙΝ
641 2641 759 2690 sordidlrp
780 2637 784 2693 Ι
806 2640 875 2681 sme-

98 2708 198 2758 dloes':
213 2710 298 2752 medici
307 2715 329 2750 at
338 2709 375 2759 Fa
388 2706 392 2762 Ι
406 2710 430 2750 1²
442 2712 540 2751 bseatsro
553 2713 557 2761 Ι
570 2695 677 2752 conlatam
687 2709 792 2764 Lipsius}
805 2712 830 2752 1³
839 2712 875 2752 in·

99 2784 165 2835 digne
178 2779 182 2833 Ι
195 2781 220 2821 19
231 2783 338 2831 perrunde
350 2779 355 2834 1
367 2782 393 2823 25
403 2783 479 2832 penult
490 2780 511 2821 F
518 2782 541 2821 in
551 2795 620 2834 mora.
634 2780 638 2831 Ι
650 2782 777 2824 tenendum

716 2870 755 2921 2*
