2244 3370
268 248 301 297 44
511 286 515 313 ,
593 256 712 298 nevum

226 341 256 382 v1

270 399 462 468 cuiuscumque
481 398 526 453 dei
550 399 674 462 ueniam,
702 396 812 452 sacratis
830 396 936 450 foribus
954 397 1051 466 proxi·

269 497 334 543 mat.
355 489 432 543 uidet
444 489 517 542 dona
536 489 654 559 pretiosa
667 505 697 542 ac
708 487 821 542 lacinias
833 503 899 540 auro
911 486 1050 540 litteratas

269 580 350 634 ramis
363 579 488 633 arborum
501 579 677 648 postibusque
690 577 810 641 suffixae,
826 593 894 646 quae
907 594 973 630 cum
986 593 1049 646 gra-
1068 587 1089 626 15

269 670 309 723 tia
326 669 393 723 facti
412 685 512 723 nomen
529 668 594 722 deae
613 669 657 722 cni
675 668 784 722 fuerant
797 666 887 720 dicata
904 667 1049 720 testaban-

269 767 323 812 tur.
360 766 426 812 tunc
450 775 523 828 genu
544 757 609 812 nixa
626 766 654 812 et
671 757 795 812 manibus
814 774 888 810 aram
905 764 1048 827 tepentem

270 849 394 919 amplexa
426 849 541 904 detersis
575 856 637 903 ante
666 848 784 902 lacrimis
813 848 851 900 sic
881 847 1048 917 adprecatur

235 945 251 993 4
267 936 372 1008 ‘magni
389 938 463 994 Iouis
481 956 610 1009 germana
628 948 656 993 et
673 938 803 1008 coniuge,
829 937 888 991 siue
910 945 941 990 tu
961 936 1046 1000 Sami,

270 1048 339 1099 quae
357 1029 450 1100 gerula
468 1037 548 1101 partu
565 1030 714 1100 uagituque
733 1035 760 1081 et
778 1027 907 1081 alimonia
924 1034 974 1080 tua
987 1027 1047 1096 glo-

270 1121 364 1184 riatur,
384 1129 461 1175 tenes
479 1128 587 1174 uetusta
605 1120 732 1184 delubra;
753 1118 810 1171 siue
829 1117 916 1172 celsae
930 1117 1048 1171 Cartha-

271 1211 351 1280 ginis,
371 1227 440 1280 quae
458 1218 485 1264 te
503 1210 638 1280 uirginem
656 1217 768 1262 uectura
781 1207 868 1262 leonis
881 1207 958 1260 caelo
970 1226 1047 1261 com-

270 1308 406 1355 meantem
424 1300 551 1371 percolit,
577 1301 672 1354 beatas
690 1298 769 1352 sedes
790 1282 960 1367 frequentem
989 1299 1047 1352 siue
1066 1309 1076 1347 s

270 1407 353 1460 prope
371 1392 444 1461 ripas
462 1388 573 1454 Inachi,
600 1390 646 1459 qui
664 1397 691 1443 te
709 1389 764 1443 iam
782 1396 894 1457 nuptam
912 1387 1048 1442 Tonantis

271 1489 298 1534 et
315 1480 437 1549 reginam
456 1481 567 1534 dearum
587 1487 734 1542 memorat,
759 1477 861 1532 inclitis
878 1478 1049 1547 Argiuorum

270 1570 410 1640 praesides
427 1570 585 1635 moenibus;
605 1586 686 1639 quam
704 1577 818 1622 cunctus
830 1569 921 1622 oriens
933 1568 1049 1639 Zygiam
1102 1600 1103 1631 r

271 1668 417 1714 ueneratur
434 1669 462 1714 et
479 1660 566 1714 omnis
585 1659 864 1714 occidensLucinam
882 1657 1003 1728 appellat
1013 1689 1048 1699 -

272 1752 308 1805 sis
326 1751 393 1805 meis
416 1751 544 1805 extremis
562 1750 669 1804 casibus
687 1749 757 1802 Iuno
776 1747 885 1819 Sospita
902 1767 1001 1819 meque
1018 1751 1047 1803 in
1066 1757 1085 1797 1⁰
1102 1784 1103 1823 1

270 1843 355 1895 tantis
381 1841 527 1896 exantlatis
551 1840 692 1894 laboribus
715 1839 851 1894 defessam
877 1839 1048 1894 imminentis

271 1931 384 2001 periculi
396 1940 472 1985 metu
483 1931 577 1985 libera.
598 1930 672 2000 quod
690 1930 782 1994 sciam,
803 1929 872 1983 soles
892 1945 1048 1999 praegnan-

271 2021 345 2075 tibus
369 2021 596 2091 periclitantibus
610 2021 681 2074 ultro
706 2015 869 2074 subuenire'.
907 2019 942 2072 ad
963 2019 1048 2073 istum

271 2112 382 2165 modum
407 2111 570 2183 supplicanti
594 2110 686 2164 statim
710 2126 769 2164 sese
787 2110 857 2163 Iuno
882 2126 942 2162 cum
961 2110 1047 2163 totius
1094 2114 1103 2151 l

272 2202 314 2255 sui
331 2201 451 2256 numinis
469 2209 584 2270 augusta
602 2200 735 2268 dignitate
754 2205 910 2270 praesentat
932 2208 961 2252 et
981 2216 1047 2268 pro-
1065 2206 1085 2245 ¹⁵

270 2294 345 2346 tinus
365 2291 458 2362 ‘quam
480 2286 602 2353 uellem,’
632 2290 722 2360 inquit
742 2288 801 2360 ‘per
825 2288 921 2352 fidem,
948 2296 1047 2343 nutum

271 2399 362 2437 meum
374 2380 500 2452 precibus
512 2381 565 2433 tuis
579 2380 795 2434 accommodaret
816 2378 865 2433 sed
882 2386 977 2432 contra
996 2396 1048 2432 uo·

272 2474 405 2528 luntatem
416 2470 539 2534 Veneris,
560 2487 644 2523 nurus
656 2487 742 2533 meae,
762 2486 843 2539 quam
856 2460 928 2522 filiae
941 2485 1047 2539 semper

328 2623 352 2663 ll
364 2633 388 2662 ac
399 2620 506 2662 Iahnius:
520 2620 561 2670 hec
572 2618 607 2668 so
618 2620 678 2669 ets*
690 2616 695 2671 Ι
708 2618 733 2659 16
743 2619 783 2660 lati
793 2617 814 2659 F
821 2629 878 2658 corr.
889 2616 919 2659 1³¹
939 2619 949 2663 ΙΙ
968 2616 1046 2668 tquse

273 2693 462 2749 gerulalcbnius:
476 2692 567 2744 quercla
574 2689 597 2732 F
609 2691 739 2743 querulaso
753 2699 796 2741 que
806 2690 898 2741 querulo
908 2699 920 2734 ς
931 2684 937 2742 Ι
948 2689 961 2729 5
971 2685 1045 2737 seueri

254 2782 256 2786 ·
272 2768 393 2809 dmenibus
405 2763 409 2819 Ι
421 2763 513 2819 sigism!
527 2764 536 2809 1
671 2763 730 2804 tibus
741 2771 772 2811 o:
786 2761 940 2814 praegnatibus
1100 2756 1103 2819 l
