2244 3370
342 275 456 316 rsucnn
475 277 511 316 nr
531 275 639 316 cremo
841 265 873 314 59
917 322 920 327 p

104 428 131 473 et
149 418 294 488 prandium
313 417 424 488 opipare
442 417 557 471 suadeat
575 435 689 471 sumere.
727 418 776 471 sed
792 426 822 472 tu
847 426 874 470 et

103 509 179 562 humi
206 508 295 562 reside
325 515 353 561 et
376 525 475 578 panem
499 507 639 561 sordidum
663 508 780 578 petitum
803 516 871 571 esto,

49 615 82 656 20
103 599 203 653 deinde
216 598 351 663 nuntiato,
370 597 438 669 quid
449 597 593 651 adueneris
606 606 786 668 susceptoque
799 597 876 668 quod

102 689 233 742 offeretur
243 705 337 742 rursus
349 705 473 742 remeans
486 688 561 741 canis
573 688 716 742 saeuitiem
729 687 813 741 offula
829 705 874 740 re-

102 780 178 850 liqua
189 779 302 842 redime,
323 796 354 832 ac
367 778 466 831 deinde
478 795 562 832 auaro
580 778 692 832 nauitae
711 777 775 832 data
793 794 874 847 quam

101 887 292 924 reseruaueras
305 869 374 939 stipe
387 868 557 939 transitoque
567 868 626 923 eius
638 867 723 922 fluuio
735 867 874 921 recalcans
895 908 901 919 ,

22 949 29 959 ’
102 961 194 1032 priora
212 958 329 1028 uestigia
341 959 377 1013 ad
388 959 471 1012 istum
483 958 641 1013 caelestium
653 958 772 1012 siderum
784 958 874 1012 redies

49 1061 82 1103 25
102 1051 221 1104 chorum.
255 1050 303 1103 sed
320 1049 392 1102 inter
409 1047 501 1102 omnia
519 1047 570 1102 hoc
582 1048 784 1102 obseruandum
794 1064 875 1118 prae-

29 1163 32 1168 ·
102 1141 181 1211 cipue
200 1140 251 1193 tibi
269 1157 379 1203 censeo,
405 1157 440 1193 ne
458 1138 526 1192 uelis
544 1139 650 1208 aperire
673 1138 717 1191 uel
739 1138 874 1208 inspicere

101 1231 176 1284 illam
194 1248 276 1301 quarn
288 1230 359 1283 feres
371 1229 500 1301 pyxidem
512 1229 556 1282 uel
569 1228 680 1282 omnino
693 1227 803 1282 diuinae
816 1228 874 1281 for·
929 1276 931 1279 .

101 1320 256 1375 monsitatis
273 1320 396 1374 abditum
414 1319 547 1373 curiosius
564 1313 762 1373 thensaurum’.

154 1410 198 1464 Sic
217 1409 299 1464 turris
316 1410 363 1463 illa
379 1409 524 1479 prospicua
547 1408 750 1463 uaticinationis
774 1426 873 1462 munus
892 1403 925 1454 20

102 1501 241 1572 explicuit.
286 1518 336 1554 nec
362 1507 466 1553 morata
486 1500 590 1569 Psyche
611 1499 701 1570 pergit
721 1499 874 1552 Taenarum

26 1610 29 1616 ·
102 1592 273 1662 sumptisque
282 1591 333 1644 rite
344 1589 459 1660 stipibus
468 1589 523 1642 illis
533 1597 561 1643 et
572 1589 663 1643 offulis
675 1589 813 1643 infernum
825 1589 873 1642 de·

102 1682 188 1737 currit
204 1689 333 1744 meatum,
352 1680 520 1749 transitoque
538 1697 586 1749 per
605 1679 742 1734 silentium
757 1680 873 1733 asinario

68 1788 81 1825 5
102 1772 186 1827 debili
199 1779 228 1825 et
239 1771 346 1824 amnica
357 1771 427 1840 stipe
440 1769 545 1823 uectori·
556 1769 628 1833 data,
646 1753 770 1838 neglecto
782 1786 874 1838 super·

102 1862 222 1917 natantis
233 1861 334 1915 mortui
346 1859 481 1915 desiderio
494 1867 522 1913 et
534 1860 630 1929 spretis
645 1859 789 1914 textricum
807 1859 874 1912 sub-

94 1943 172 2008 dolis
184 1951 310 2023 precibus
322 1959 351 2005 et
362 1950 463 2004 offulae
475 1950 536 2003 cibo
549 1948 638 2020 sopita
650 1948 724 2003 oanis
736 1949 874 2002 horrenda

14 2090 17 2095 ,
102 2045 178 2098 rabie
197 2045 306 2098 domum
319 2040 499 2111 Proserpinae
510 2045 643 2110 penetrat.
672 2056 722 2093 nec
735 2038 873 2092 offerentis

103 2134 227 2204 hospitae
246 2132 329 2187 sedile
348 2130 494 2185 delicatum
512 2130 557 2183 uel
575 2130 666 2183 cibum
684 2130 795 2184 beatum
816 2146 874 2182 am-

103 2264 256 2272 .--.---

159 2356 183 2396 18
194 2334 281 2406 opipare
293 2350 297 2407 Ι
311 2353 335 2395 19
346 2353 485 2404 petitumcsto
494 2351 531 2401 Po
542 2349 731 2401 petlttiestof‘o⁸
743 2347 747 2404 Ι
759 2349 784 2391 21
796 2352 875 2391 offere·

101 2434 137 2469 tur
153 2438 185 2477 o:
200 2429 303 2467 efferetur
325 2423 329 2478 Ι
350 2437 447 2466 remeans
462 2435 494 2474 a:
509 2436 592 2465 remeas
608 2422 611 2475 Ι
629 2425 713 2475 sonitui
728 2423 749 2463 F
760 2423 873 2464 saeuitiam

101 2512 118 2550 φ
131 2499 136 2550 l
153 2497 179 2539 223
194 2499 305 2540 recalcans
320 2498 341 2538 F
354 2498 378 2538 s‘n
388 2497 498 2549 marciae:
514 2497 611 2538 recolens
621 2495 656 2546 ro
673 2492 677 2549 Ι
694 2494 719 2536 27
731 2495 831 2548 pyxidem
843 2506 874 2544 o:

103 2573 193 2613 ..xldcm
215 2570 218 2620 Ι
235 2571 314 2611 diuino
329 2570 479 2611 immensitate
494 2567 590 2609 abditum
601 2567 630 2618 s*
645 2568 708 2620 (quoe
720 2555 742 2608 Ρ
754 2568 874 2618 scripserat

102 2644 245 2691 monuerunt>
255 2669 354 2684 ...........
366 2642 476 2681 addictum
487 2652 503 2690 φ
519 2640 594 2681 diuine
604 2640 744 2682 formositatis
760 2640 784 2680 in
795 2639 874 2679 lacuna

101 2716 151 2757 cdd.
164 2714 192 2765 o*
209 2717 220 2761 ΙΙ
240 2716 248 2755 1
261 2714 287 2755 ul
296 2714 389 2765 propitia
399 2712 419 2753 F
430 2713 455 2752 in
465 2711 563 2763 marqine
578 2712 613 2763 1-2
628 2708 727 2754 tenorum
740 2714 745 2765 Ι
761 2711 772 2750 7
788 2712 855 2752 offule
869 2713 872 2766 Ι

100 2790 113 2830 9
124 2789 247 2830 dedicatum
