2244 3370
333 293 447 333 esrunu
466 293 502 334 nn
521 293 629 334 cvrrno
832 284 865 334 49

89 434 163 488 unde
187 452 230 487 me
253 433 391 504 praeclara
414 434 509 488 subole
528 435 617 489 auiam
635 437 743 490 beatem
761 436 865 490 scilicet
881 378 912 421 vl

88 523 178 577 faciet.
214 523 279 576 felix
297 542 363 577 uero
381 541 442 593 ego,
463 541 533 595 quae
551 525 579 578 in
597 524 655 595 ipso
674 526 770 579 aetatis
787 544 863 580 meae

33 622 66 663 20
87 615 154 667 flore
167 616 286 668 uocabor
297 615 368 678 auia,
389 622 417 668 et
428 600 490 668 uilis
503 614 616 668 ancillae
628 614 701 667 lilius
714 633 799 687 nepos
808 617 862 670 Ve-

88 705 162 758 neris
174 704 275 758 audiet.
299 722 459 774 quamquam
478 704 571 774 inepta
588 721 639 773 ego
658 705 758 759 frustra
776 707 862 760 filium

88 794 186 848 dicam.
207 794 323 864 impares
340 795 413 848 enirn
431 794 542 864 nuptiae
561 802 588 847 et
604 803 744 864 praeterea
756 796 784 850 in
798 796 864 851 uilla

87 884 146 937 sine
158 885 276 938 testibus
293 892 321 938 et
334 891 409 954 patre
422 901 477 937 nou
490 886 678 939 consentiente
690 886 778 940 factae
794 886 862 956 legi-

87 975 169 1028 timae
181 992 239 1027 non
254 983 370 1045 possunt
385 974 482 1038 uideri,
502 991 533 1027 ac
551 992 600 1044 per
616 975 667 1028 hoc
686 977 794 1045 spurius
812 978 863 1030 iste

32 1079 67 1120 25
87 1073 228 1130 nascetur;
258 1065 281 1118 si
306 1072 397 1118 tamen
425 1071 532 1135 partum
557 1065 668 1118 omnino
691 1067 812 1135 perferre
835 1075 862 1121 te

88 1151 240 1225 patiemur.'

138 1245 191 1299 His
208 1245 289 1299 editis
306 1244 412 1299 inuolat
430 1262 489 1298 eam
512 1252 670 1316 uestemque
694 1246 863 1317 plurifariam
883 1252 914 1302 10

86 1335 213 1389 diloricat
231 1335 382 1405 capilloque
401 1335 513 1389 discisso
532 1342 560 1388 et
577 1336 665 1406 capite
683 1344 862 1406 conquassato

86 1426 208 1495 grauiter
224 1425 332 1495 affligit,
352 1433 380 1480 et
398 1433 509 1497 accepto
528 1426 666 1481 frumento
681 1434 709 1479 et
720 1425 824 1480 hordeo
836 1434 864 1480 et

86 1516 161 1570 milio
180 1524 208 1570 et
225 1534 361 1587 papauere
379 1525 407 1570 et
425 1516 510 1571 cicere
528 1525 557 1570 et
573 1517 647 1571 lente
665 1524 693 1571 et
710 1516 774 1570 saba
788 1534 863 1570 com-

52 1622 66 1659 5
86 1607 230 1676 mixtisque
254 1605 402 1661 aceruatim
420 1605 541 1660 confusis
558 1607 587 1661 iu
605 1625 690 1661 unum
707 1606 863 1675 grumulum

87 1696 125 1750 sic
153 1697 188 1750 ad
212 1697 299 1751 illam:
329 1694 442 1751 ‘uideris
468 1697 540 1750 enim
563 1697 630 1751 mihi
653 1704 709 1751 tam
734 1699 863 1753 deformis

87 1786 184 1841 ancilla
208 1786 282 1841 nullo
307 1788 360 1841 alio
384 1788 434 1842 sed
455 1794 562 1841 tantum
586 1786 680 1841 sedulo
709 1788 863 1843 ministerio

87 1886 220 1931 amatores
237 1884 299 1931 tuos
318 1878 474 1948 promereri,
494 1878 549 1931 iam
568 1894 632 1946 ergo
645 1876 743 1948 etipsa
755 1878 862 1947 frugem

86 1975 162 2021 tuam
174 1966 357 2037 periclitabor.
379 1967 502 2021 discerne
521 1968 655 2021 seminum
674 1968 788 2022 istorum
800 1986 861 2039 paa-

36 2076 66 2115 10
87 2058 173 2111 sinam
190 2058 355 2126 congeriem,
375 2058 542 2127 singulisque
555 2057 646 2126 grauis
658 2058 709 2112 rite
724 2059 862 2129 dispositis

87 2156 167 2217 atque
186 2147 315 2216 seiugatis
333 2155 396 2201 ante
413 2147 493 2211 istam
511 2165 653 2218 uesperam
666 2165 734 2218 opus
748 2150 863 2219 expedi·

86 2247 145 2292 tum
157 2237 307 2309 approbato
320 2235 408 2291 mihi’.
429 2238 467 2291 sic
479 2237 617 2306 assignato
629 2245 768 2292 tantorum
781 2239 863 2293 semi·

87 2345 154 2381 num
171 2327 279 2382 cumulo
298 2328 356 2396 ipsa
373 2345 473 2382 caenae
492 2327 609 2381 nubtiali
630 2329 775 2383 concessit.
813 2347 863 2383 nec

86 2410 191 2488 Psyche
209 2434 304 2471 manus
322 2417 468 2472 admolitur
485 2416 642 2472 inconditae
655 2417 696 2472 illi
709 2426 736 2472 et
749 2419 864 2473 inextri-

145 2579 169 2619 18
179 2579 274 2627 soboles
288 2576 292 2631 Ι
312 2578 335 2619 19
346 2578 413 2620 iaciat
429 2575 433 2632 Ι
451 2577 478 2620 20
488 2581 582 2619 uocabor
592 2580 642 2620 auia
649 2582 693 2630 sc:
709 2582 792 2621 uocubo
802 2581 865 2620 rouia

86 2648 112 2700 F,
123 2649 161 2688 aad
170 2650 193 2689 tu
204 2651 302 2701 morpine
318 2652 355 2690 bor
373 2650 376 2700 Ι
396 2650 420 2692 ‘n
433 2662 557 2702 quanquam
577 2648 581 2703 Ι
600 2650 627 2692 25
638 2653 755 2702 proferre3
773 2654 783 2698 ll
804 2652 865 2692 lue-

85 2719 202 2771 sternq31*
212 2733 219 2761 .·
235 2728 317 2763 uestem
329 2731 372 2772 que
382 2721 417 2771 ro
430 2720 434 2776 Ι
452 2723 464 2763 'l
474 2728 629 2772 conquassato·
643 2721 647 2771 Ι
664 2726 676 2764 5
686 2723 825 2774 confusisque
835 2734 847 2769 ς
857 2723 861 2770 Ι

86 2795 99 2833 8
109 2793 178 2842 ipsam
191 2790 195 2846 Ι
207 2794 220 2834 9
231 2794 353 2835 discerncre
365 2790 369 2845 Ι
385 2794 408 2835 13
419 2795 525 2835 nubtiulis
536 2792 540 2848 Ι
553 2807 579 2834 ne
591 2778 597 2847 Ι
610 2795 633 2835 ll
644 2795 754 2835 incondite

706 2887 718 2932 l
