2244 3370
333 178 349 205 1

335 278 449 319 nsrcna
467 279 504 321 nr
525 277 631 320 cremo
840 266 869 317 31

98 393 230 478 delicatae
254 421 369 477 tremule
393 420 556 474 resultantes
577 420 698 489 inquieta
716 418 869 476 lasciuiunt.
891 366 910 408 v

97 520 220 567 ceterum
248 528 345 582 corpus
372 510 519 579 glabellum
545 517 624 579 atque
653 509 822 564 luculentum
846 520 874 565 et

97 602 176 672 quale
206 602 342 672 peperisse
368 601 503 654 Venerem
530 618 586 654 non
612 600 771 670 paeniteret.
809 610 872 655 ante

96 692 190 747 lectuli
208 693 291 761 pedes
309 690 416 745 iacebat
433 707 511 744 arcus
529 697 556 743 et
570 689 696 760 pharetra
708 699 735 744 et
747 691 870 759 sagittae,

43 790 75 830 30
96 782 190 851 magni
216 782 261 836 dei
290 781 407 852 propitia
432 780 494 833 tela.
538 797 606 849 quae
634 781 699 835 dum
726 781 924 836 insatiabilius

96 873 187 926 animo
199 870 304 943 Psyche
323 871 387 924 satis
408 873 453 937 [et]
473 870 579 925 curiosa
594 871 706 925 rimatur
718 879 798 940 atque
810 890 872 943 per·
943 892 947 903 ⁴

96 969 196 1016 trectat
208 970 236 1016 et
248 962 337 1016 mariti
350 963 391 1015 sui
403 961 517 1015 miratur
534 978 618 1025 arma,
638 962 773 1031 depromit
789 981 873 1017 unam

97 1052 131 1105 de
148 1051 276 1123 pharetra
293 1052 420 1121 sagittam
438 1058 465 1104 et
482 1058 585 1121 puncto
602 1051 708 1122 pollicis
725 1062 872 1107 extremam

1 1147 2 1184 l
63 1160 76 1198 5
97 1143 183 1195 eciem
195 1142 412 1212 periclitabunda
423 1142 565 1195 trementis
577 1142 658 1195 etiam
674 1159 747 1195 nunc
766 1143 873 1197 articuli

96 1232 159 1285 nisu
173 1232 285 1285 fortiore
297 1231 413 1303 pupugit
425 1232 515 1296 altius,
535 1240 567 1285 ut
578 1249 627 1302 per
639 1249 770 1285 summam
783 1239 872 1286 cutem
903 1252 910 1260 ·

96 1323 252 1376 rorauerint
275 1321 404 1392 pamulae
429 1322 570 1391 sanguinis
592 1323 664 1376 rosei
688 1329 790 1391 guttae.
834 1323 872 1376 sic

95 1413 192 1482 ignara
209 1412 315 1483 Psyche
335 1420 431 1483 sponte
449 1412 478 1465 in
496 1412 605 1466 Amoris
626 1412 723 1466 incidit
741 1429 869 1467 amorem.

95 1510 163 1557 tunc
182 1504 268 1572 magis
286 1503 424 1572 magisque
443 1502 570 1572 cupidine
588 1501 705 1572 flagrans
718 1502 870 1573 Cupidinis,

43 1607 75 1646 10
96 1611 184 1664 prona
207 1594 237 1647 in
261 1611 323 1647 eum
348 1592 469 1646 efflictim
492 1593 600 1646 inhians
622 1592 721 1663 patulis
744 1611 775 1647 ac
793 1601 872 1663 petu-
898 1626 902 1635 ·

95 1684 218 1738 lantibus
236 1683 319 1737 sauiis
337 1682 499 1736 festinanter
516 1682 629 1750 ingestis
648 1683 682 1736 de
695 1683 783 1736 somni
794 1701 873 1736 men-

97 1791 161 1827 sura
177 1773 325 1827 metuebat.
350 1773 400 1827 sed
412 1773 477 1827 dum
492 1773 566 1826 bono
578 1780 656 1826 tanto
668 1774 771 1843 percita
782 1775 874 1828 saucia

96 1869 189 1917 mente
205 1863 333 1927 fluctuat,
357 1863 468 1917 lucerna
485 1862 533 1916 illa
550 1862 609 1917 siue
626 1862 740 1933 perfidia
756 1866 874 1933 pessima

97 1953 156 2006 siue
174 1952 279 2007 inuidia
297 1954 379 2007 noxia
396 1953 454 2007 siue
473 1953 547 2022 quod
563 1953 617 2006 tale
642 1970 740 2022 corpus
763 1954 872 2007 contin-

44 2061 76 2101 15
97 2060 163 2112 gere
176 2050 203 2096 et
215 2043 291 2112 quasi
302 2043 408 2097 basiare
421 2050 449 2097 et
462 2042 522 2113 ipsa
539 2042 682 2112 gestiebat,
703 2044 826 2096 euomuit
838 2045 871 2098 de

97 2149 202 2187 summa
224 2133 334 2186 luminis
359 2132 401 2187 sui
428 2132 526 2186 stillam
553 2133 684 2187 feruentis
711 2133 763 2186 olei
791 2152 872 2205 super

96 2240 221 2277 umerum
240 2222 284 2276 dei
302 2220 452 2276 dexterum.
484 2223 556 2288 hem,
577 2222 666 2277 audax
684 2231 712 2277 et
728 2226 872 2279 temeraria

96 2313 209 2367 lucerna
227 2319 255 2366 et
278 2313 377 2366 amoris
394 2313 449 2366 uile
473 2313 664 2378 ministerium,
688 2314 776 2384 ipsum
798 2316 872 2383 ignis

95 2458 252 2468 ——

153 2562 181 2605 26
190 2565 285 2614 tremula
295 2561 300 2617 Ι
310 2566 432 2606 luciniant
438 2564 466 2617 F,
480 2576 537 2606 corr.
548 2569 570 2606 et
579 2566 604 2606 ia
613 2566 763 2615 maraliscam.
774 2573 815 2608 unt
824 2566 845 2605 F
850 2564 856 2590 ¹
867 2570 870 2617 Ι

96 2635 124 2677 28
140 2636 248 2685 peniteret
267 2642 271 2685 Ι
292 2636 320 2678 29
332 2637 412 2678 faretra
430 2639 440 2683 ll
458 2634 504 2678 2et
518 2648 583 2683 anag
604 2635 608 2688 Ι
629 2638 732 2690 lsagitta
742 2639 763 2678 F
770 2650 827 2678 corr.
840 2636 870 2688 sl

96 2713 181 2760 punctu
192 2707 294 2774 Flcy'dus
311 2705 315 2760 Ι
334 2710 464 2750 'lrorauerit
473 2707 494 2748 F
502 2719 559 2750 corr.
569 2705 603 2748 F¹
620 2706 624 2762 Ι
643 2707 782 2771 θϊτιςίιῃιΙ
802 2710 823 2750 11
837 2721 871 2749 sa-

97 2780 138 2820 biis
158 2777 163 2829 Ι
183 2779 207 2820 17
224 2791 322 2820 umerum
337 2779 404 2829 Fs‘:
419 2781 533 2822 humarum
542 2782 580 2830 sp
