2244 3370
344 279 458 321 essens
477 279 513 321 nr
533 278 641 321 cvrrno
844 267 876 319 33

104 425 153 478 sed
172 422 233 478 illae
252 422 361 492 quidem
379 420 574 476 consiliatrices
592 422 717 491 egregiae
735 428 798 475 tuae
821 427 877 475 tam
899 362 918 404 v

1 531 3 540 ⁴
50 525 82 567 20
103 512 251 585 perniciosi
263 511 412 583 magisterii
425 510 530 565 dabunt
542 518 664 565 actutum
679 510 746 565 mihi
762 528 874 581 poenas,

102 614 130 658 te
148 621 215 658 nero
233 610 340 656 tantum
357 601 423 670 fuga
440 617 501 655 mes
517 599 668 671 puniuero'.
698 609 804 656 etcum
821 608 875 656 ter-

102 693 180 747 mino
197 692 329 746 sermonis
347 691 438 762 pinnis
456 691 486 745 in
504 691 589 744 altum
606 708 635 745 se
652 691 795 761 proripuit.

156 782 259 853 Psyche
277 799 343 836 uero
360 781 436 836 humi
458 788 592 852 prostrata
615 787 643 836 et
660 788 791 857 quantum
814 783 877 837 uisu
895 787 927 838 25

103 880 212 944 poterat
234 872 342 926 uolatus
365 870 455 926 mariti
473 871 641 942 prospiciens
659 873 787 926 extremis
805 871 878 927 affli-

103 962 188 1033 gebat
207 961 449 1016 lamentationibus
466 961 595 1015 animum.
631 961 681 1016 sed
697 961 746 1016 ubi
762 963 877 1033 remigio

104 1052 213 1124 plumae
235 1060 343 1123 raptum
364 1051 491 1106 maritum
512 1052 660 1122 proceritss
678 1052 758 1123 spatii
776 1053 879 1108 fecerat

69 1161 83 1201 5
103 1142 238 1206 alienum,
264 1159 313 1212 per
333 1142 449 1211 proximi
467 1140 588 1196 fluminis
605 1142 754 1210 marginem
771 1144 878 1214 proeci-

1 1227 2 1232 ’
102 1232 188 1303 pitem
201 1249 260 1286 sese
272 1231 357 1286 dedit.
379 1231 427 1286 sed
438 1231 512 1285 mitis
524 1230 634 1303 fluuius,
648 1232 678 1286 in
689 1232 820 1287 honorem
833 1233 878 1288 dei

103 1321 210 1375 scilicet
232 1322 279 1391 qui
302 1330 330 1376 et
350 1322 424 1393 ipsas
441 1339 524 1393 aquas
541 1339 619 1376 urere
637 1323 793 1387 consueuit,
820 1340 876 1377 me·

103 1419 186 1465 tuens
203 1411 257 1465 sibi
275 1412 419 1466 confestim
437 1429 496 1466 eam
514 1411 626 1466 innoxio
644 1412 783 1467 uolumine
796 1430 877 1484 super

102 1502 192 1570 ripam
210 1499 354 1556 florentem
372 1501 463 1556 herbis
481 1479 615 1572 expos⁰uit
647 1510 713 1558 tunc
731 1502 802 1557 forte
820 1502 876 1557 Pan

49 1592 173 1647 rodens
197 1591 314 1646 rusticus
337 1591 413 1644 iuxta
439 1591 613 1662 supercilium
640 1593 726 1647 amnis
753 1593 875 1658 sedebat,

2 1708 8 1737 ι
103 1681 261 1751 complexus
279 1679 356 1734 Echo
380 1689 536 1735 montanam
554 1682 632 1736 deam
656 1699 767 1753 eamque
791 1701 876 1738 uocu-

103 1772 144 1835 las
161 1770 330 1826 omnimodas
348 1769 465 1824 edocens
483 1771 633 1837 reccinere;
654 1773 776 1843 proxime
791 1773 877 1844 ripam

103 1877 176 1931 uago
206 1867 285 1931 pastu
313 1860 460 1915 lasciuinnt
489 1877 592 1916 comam
620 1860 699 1916 fluuii
731 1862 877 1917 tondentes

103 1950 232 2021 capellae.
269 1949 411 2004 hironosus
430 1950 497 2005 deus
515 1951 633 2006 sauciam
651 1951 775 2023 Psychen
796 1959 877 2023 atque

50 2052 83 2092 15
104 2041 253 2104 defectam,
273 2044 419 2110 utcumque
437 2057 515 2094 cesus
534 2041 591 2094 eius
610 2059 665 2096 non
684 2040 801 2106 inscius,
822 2042 876 2097 cle-

103 2138 211 2185 menter
229 2130 265 2185 ed
278 2148 306 2184 se
318 2137 443 2184 uocatam
455 2130 493 2185 sic
506 2130 655 2201 permulcet
667 2131 758 2186 uerbis
770 2132 877 2186 lenien-

101 2220 178 2276 tibus
204 2219 307 2292 ‘puella
328 2219 439 2284 scitula,
464 2238 524 2274 sum
547 2221 657 2290 quidem
679 2222 832 2277 rusticanus
850 2230 878 2277 et

102 2310 206 2381 upilio,
235 2310 284 2365 sed
306 2310 454 2364 senectutis
482 2309 603 2381 prolixae
626 2310 760 2386 beneflcio
784 2312 877 2366 multis
905 2322 909 2331 ’

101 2400 297 2472 experimentis
316 2401 474 2454 instructus.
497 2417 592 2454 uerum
610 2402 723 2455 sirecte
741 2402 875 2467 coniecto,

162 2634 186 2675 19
196 2633 233 2675 1111
245 2630 249 2686 Ι
266 2632 292 2675 20
302 2635 368 2685 michi
377 2645 443 2685 penos
458 2637 469 2682 ΙΙ
487 2635 495 2674 1
508 2635 549 2676 ulai
560 2632 565 2687 Ι
581 2635 675 2686 lplurne
687 2631 691 2687 1
710 2636 732 2675 11
746 2637 806 2676 Eeho
816 2648 879 2677 mon·

102 2711 179 2748 uuam
187 2704 292 2747 Iahnius:
303 2707 343 2756 bec
351 2707 415 2747 bomo
425 2708 478 2747 canl
486 2705 507 2746 F
513 2708 579 2748 humo
587 2709 684 2749 cannam
694 2707 757 2759 ougo
769 2708 773 2760 Ι
788 2705 878 2749 thomiri

102 2778 172 2819 nedae
184 2773 188 2829 Ι
201 2777 226 2819 13
235 2777 295 2819 come
305 2777 326 2817 1?
334 2789 390 2819 corr.
396 2775 427 2832 ΙΙ
447 2779 470 2819 11
481 2780 563 2830 capelle
572 2807 578 2819 .
587 2780 706 2831 hyrcuosus
717 2778 722 2830 Ι
742 2778 766 2820 18
777 2781 860 2830 prolixe

722 2873 735 2916 3
