2244 3370
376 209 490 252 Parenta
508 212 545 253 Eu
565 211 673 252 cvrmo
877 201 909 250 39

134 354 280 423 quicquam
297 370 455 408 concessum
473 359 523 406 est.
558 352 607 406 sed
624 352 694 406 male
712 353 799 422 prima
815 353 907 423 pueri-
926 296 958 406 db

134 444 174 497 tia
191 443 320 497 inductus
331 460 367 508 ⁴es
385 451 413 497 et
430 449 523 496 acutas
541 460 638 496 manus
656 442 740 496 habes
754 451 782 496 et
793 443 908 496 maiores

135 539 198 586 tuos
222 533 404 587 irreuerenter
426 532 541 604 pulsasti
558 530 675 596 totiens,
701 539 730 586 et
746 533 833 602 ipsam
850 550 907 585 ma-

132 630 205 677 tram
222 630 310 687 tuam,
333 640 376 676 me
395 622 506 692 inquam
522 622 622 692 ipsam,
642 622 792 692 parricida,
819 622 907 676 denu-

102 722 116 760 5
136 713 186 767 das
200 712 299 766 cotidie
317 721 346 766 et
361 712 519 783 percussisti
534 712 643 782 saepius
662 719 690 765 et
701 713 778 782 quasi
796 713 908 767 uiduam

135 802 230 872 utiquc
243 803 403 866 contemnis,
424 819 473 856 nec
485 802 613 856 uitricum
624 809 710 866 tuum,
731 801 908 857 fortissimum

135 891 213 946 illum
230 892 430 962 maximumque
452 891 626 955 bellatorem,
649 893 757 945 metuis.
795 893 904 962 quidni!

136 982 182 1036 cui
199 982 306 1054 saepius
321 982 350 1036 in
363 998 492 1050 angorem
504 981 558 1035 mei
569 980 717 1051 paelicatus
729 981 832 1052 puellas
844 1001 907 1053 pro·

136 1073 233 1144 pinara
249 1072 394 1126 consuesti.
420 1072 469 1125 sed
480 1072 534 1125 iam
546 1071 610 1126 faxo
622 1078 651 1124 te
663 1070 738 1125 lusus
750 1072 830 1126 huius
842 1090 907 1144 pae-

86 1174 116 1214 10
136 1163 224 1217 niteat
242 1168 270 1215 et
286 1162 387 1215 sentias
405 1161 495 1216 acidas
511 1167 539 1214 et
550 1178 656 1215 amaras
668 1162 734 1215 istas
746 1163 909 1234 nuptias.-

136 1254 186 1308 sed
203 1269 275 1306 nunc
293 1252 390 1306 inrisui
407 1252 502 1306 habita
513 1251 580 1321 quid
597 1256 695 1320 agam?
713 1269 766 1321 quo
783 1270 908 1307 mecon-

136 1343 242 1397 feram?
265 1342 364 1413 quibus
383 1341 470 1395 modis
486 1341 630 1396 stelionem
648 1341 730 1395 iatum
748 1342 908 1397 cohibeam?

135 1439 263 1504 petamna
275 1431 407 1487 auxilium
418 1433 452 1485 ab
461 1431 572 1485 inimica
580 1449 641 1485 mea
652 1430 814 1496 Sobrietate,
826 1450 908 1502 quam

135 1529 247 1593 propter
258 1522 339 1576 huius
357 1522 443 1592 ipsius
460 1521 595 1574 luxuriam
613 1520 717 1576 offendi
735 1522 861 1592 saepius?
879 1530 908 1577 at

85 1621 116 1661 15
134 1613 253 1666 rusticae
263 1612 464 1682 squalentisque
474 1611 904 1682 fcminaeconloquiumiprorsus]

135 1701 320 1756 adhibendum
329 1709 379 1754 est.
397 1702 538 1764 horresco;
555 1708 705 1756 nectamen
714 1701 853 1755 uindictae
863 1719 908 1755 so-

134 1791 234 1845 lacium
247 1792 394 1846 undeunde
407 1791 591 1861 spernendum
600 1798 649 1844 est.
665 1790 712 1845 ilia
721 1790 788 1846 mihi
797 1808 907 1861 prorsus

135 1882 294 1937 adhibenda
307 1889 358 1946 est,
379 1899 429 1935 nac
447 1881 503 1935 ulla
521 1881 584 1945 alia,
604 1898 674 1950 quac
688 1881 803 1949 castigat
815 1898 906 1952 asper-

134 1971 202 2024 rime
226 1988 365 2040 nugonem
387 1971 483 2036 istum,
508 1970 663 2041 pharetram
684 1955 801 2040 amplicat
818 1977 846 2024 et
863 1989 907 2026 sa-

1 2085 2 2100 2
84 2066 115 2109 2⁰
135 2061 217 2130 gitteo
230 2061 360 2126 dearmet,
381 2079 473 2116 arcum
491 2061 600 2124 enodet,
618 2060 727 2114 taedam
742 2059 905 2126 deflammet,

134 2151 217 2204 immo
241 2159 270 2205 et
291 2152 380 2223 ipsum
403 2169 502 2222 corpus
526 2151 584 2205 eius
608 2150 759 2205 acrioribus
780 2151 907 2206 remediis

135 2241 286 2295 coherceat.
307 2248 372 2294 tunc
389 2241 505 2295 iniuriae
523 2257 599 2294 meae
615 2239 724 2295 litatum
735 2242 904 2305 crediderim,

135 2349 197 2385 cum
215 2331 272 2384 eius
291 2348 390 2395 comas,
411 2348 477 2400 quas
495 2331 554 2384 istis
572 2330 698 2385 manibus
710 2332 777 2385 meis
790 2332 907 2387 subinde

135 2438 218 2475 aureo
236 2420 325 2475 nitore
343 2421 507 2491 perstrinxi,
534 2421 680 2485 deraserit,
705 2422 819 2492 pinnas,
840 2439 907 2490 quas

191 2637 270 2688 tmen
280 2637 301 2677 r
314 2638 370 2678 man
381 2648 393 2676 a
405 2634 536 2689 morano!
552 2619 641 2679 rhaoes
659 2635 664 2690 ι
685 2638 808 2688 oporteat
826 2635 831 2686 ι
852 2637 876 2677 14
886 2641 909 2677 at

134 2708 241 2751 Iahnius:
256 2713 294 2750 aut
305 2706 311 2761 Ι
325 2710 349 2750 15
360 2720 445 2759 pronus
455 2720 496 2750 om.
507 2720 518 2755 ς
534 2707 539 2762 Ι
557 2708 583 2750 19
593 2710 694 2750 faretram
706 2707 710 2762 Ι
726 2707 753 2750 22
763 2705 881 2754 lituitatum
891 2708 912 2749 F
