2244 3370
349 266 463 308 rsrcaa
481 266 519 307 ur
538 265 646 307 ovrruo
850 256 880 306 41

56 419 89 462 20
109 415 197 462 mater
221 415 310 462 autem
333 416 365 462 tu
389 415 417 460 et
434 416 575 477 praeterea
592 408 703 463 cordata
720 408 817 463 mulier
833 409 882 463 filii
899 351 930 398 v1

7 482 13 537 l
107 498 150 552 tui
168 498 244 552 lusus
262 514 367 568 semper
384 498 539 567 explorabis
557 499 661 552 curiose
675 499 744 552 etin
756 516 788 553 eo
801 499 882 554 luxu-

107 588 175 642 riem
199 588 321 659 culpabis
346 595 374 642 et
397 604 502 642 amores
525 587 650 642 reuinces
674 597 702 643 et
724 596 785 643 tuas
810 597 880 644 artes

106 685 222 749 tuasque
246 677 355 732 delicias
381 678 410 731 in
437 677 574 732 formonso
601 677 656 732 lilio
679 677 881 750 reprehendes?

107 769 168 838 quis
180 775 270 822 autem
282 776 310 822 te
323 768 413 833 deum,
428 768 488 837 quis
500 766 640 835 hominum
651 770 769 839 patietur
781 771 879 840 passim

7 842 16 927 ¹
53 865 86 907 25
106 858 248 929 cupidines
264 858 371 928 populis
384 858 613 923 disseminantem,
633 877 694 913 cum
706 868 770 914 tuse
783 861 879 915 domus

7 954 9 1051 Ι
105 964 211 1002 amores
234 965 322 1002 amare
346 947 489 1002 coherceas
512 956 539 1002 et
560 950 688 1003 uitiorum
705 949 879 1004 muliebrium

103 1038 241 1108 publicam
266 1038 425 1108 praecludas
449 1038 617 1092 officinamt'
655 1039 693 1092 sic
718 1038 779 1093 illae
803 1049 878 1094 metu

105 1128 265 1198 sagittarum
290 1127 440 1198 patrocinio
462 1129 580 1198 gratioso
604 1128 732 1199 Cupidini
755 1130 877 1200 quamuis

104 1218 210 1273 absenti
227 1217 447 1273 blandiebantur.
476 1220 525 1273 sed
541 1220 635 1274 Venus
652 1220 794 1289 indignata
810 1220 877 1274 ridi-

51 1322 83 1364 3o
103 1308 163 1362 oule
181 1308 290 1363 tractari
308 1325 370 1362 suas
386 1309 498 1363 iniurias
515 1310 667 1380 praenersis
682 1310 735 1365 illis
747 1310 876 1365 altrorsus

103 1398 210 1452 concito
228 1398 315 1468 gradu
332 1398 428 1468 pelago
447 1400 519 1453 uiam
537 1401 660 1470 capessit.

154 1487 262 1542 Interea
283 1488 387 1559 Psyche
414 1489 497 1543 uariis
522 1490 673 1545 iactabatur
698 1491 873 1557 discursibus,
895 1497 906 1546 l
973 1514 974 1517 ¹

7 1566 9 1643 Ι
102 1578 161 1632 dies
179 1586 323 1648 noctesque
342 1579 431 1633 mariti
443 1580 670 1651 uestigationibus
682 1580 803 1651 inquieta
815 1582 875 1636 aui·

100 1686 155 1733 mo,
174 1675 250 1722 tanto
263 1669 386 1739 cupidior
397 1669 496 1724 iratum
508 1671 626 1725 mulcere
639 1679 675 1736 et,
696 1672 719 1725 si
735 1688 790 1724 non
806 1689 875 1726 uxo—

100 1758 148 1814 riis
160 1758 300 1813 blanditiis
318 1759 411 1825 lenire,
430 1768 503 1814 certe
516 1761 660 1816 seruilibus
672 1762 799 1831 precibus
810 1779 874 1832 pro-

67 1864 81 1903 s
99 1849 205 1920 pitiare.
221 1856 248 1902 et
256 1857 399 1919 prospecto
408 1850 509 1921 templo
519 1852 636 1921 quodam
647 1851 677 1904 in
687 1851 764 1905 ardui
773 1853 874 1906 montis

99 1939 202 1992 uertice
218 1936 302 1993 ‘unda
321 1938 417 1993 autem'
438 1940 527 2012 inquit
547 1940 630 2008 ‘scio‚
657 1958 692 1994 an
709 1941 770 1996 istic
796 1959 873 1997 meus

8 2075 39 2089 ,,
98 2030 180 2099 degat
199 2025 352 2084 dominus‘l’
381 2037 409 2083 et
426 2029 489 2084 ilico
508 2029 601 2099 dirigit
618 2030 729 2086 citatum
747 2033 871 2102 gradum,

8 2098 9 2177 l
97 2136 178 2190 quem
202 2119 338 2174 defectum
364 2135 476 2189 prorsus
499 2120 620 2175 adsiduis
646 2121 785 2177 laboribus
811 2140 873 2193 spes

152 2284 179 2326 20
189 2286 277 2326 cordata
287 2296 319 2335 o:
333 2286 425 2326 cosdras
436 2283 441 2338 Ι
459 2283 486 2326 ‘23
496 2287 612 2336 formosos
624 2284 628 2341 Ι
648 2286 674 2329 lb
684 2288 799 2329 cohercens
809 2285 872 2345 Flo:

8 2358 9 2403 Ι
96 2358 212 2398 coherceat
223 2355 228 2407 Ι
240 2355 265 2397 27
276 2357 314 2398 ille
326 2353 331 2408 Ι
342 2357 369 2399 30
380 2358 500 2407 praeuenit
509 2358 531 2398 F
538 2358 628 2400 eoraffl
638 2357 692 2409 {alte
702 2371 776 2402 rursus
787 2361 792 2411 1
804 2359 871 2402 sles-

95 2430 167 2479 pascit
174 2427 204 2476 J*
217 2425 221 2481 Ι
233 2427 309 2469 deindo
317 2428 462 2479 subscriptam
472 2433 504 2470 est
513 2431 536 2471 s's
547 2429 568 2471 1

234 2501 280 2552 Ego
290 2501 394 2542 salustius
403 2501 446 2553 legi
457 2506 479 2543 et
488 2503 601 2543 emendari
612 2515 671 2545 rome

173 2627 472 2670 usruurosrrrossou
486 2613 535 2670 LTa
552 2632 584 2669 v·
596 2576 710 2681 riedir-

8 2664 10 2729 l
173 2689 253 2740 inoff
267 2689 332 2740 Ha·
346 2702 373 2740 vr
386 2720 392 2731 ·
404 2701 573 2743 sanrcrrnrr·

8 2756 10 2785 ¹
93 2771 105 2813 3
116 2771 213 2812 mulcere
223 2776 245 2811 et
256 2770 361 2812 Iahnius:
371 2771 422 2812 licet
434 2769 438 2825 Ι
450 2773 525 2813 uxoris

9 3036 12 3187 l
