2244 3370
366 227 480 268 assessu
498 228 535 267 aa
555 227 662 267 cvamo
867 215 896 268 21

921 309 940 351 V

70 379 102 421 20
123 378 231 433 autem,
251 369 334 433 scio),
360 386 449 439 neque
472 370 584 422 omnino
606 386 758 423 sermonem
775 369 899 424 conferas

122 467 161 523 et,
182 458 205 511 si
223 458 253 512 id
270 459 385 512 tolerare
403 477 452 529 pro
471 459 591 528 genuina
608 460 779 530 simplicitate
794 478 898 531 proque

123 549 208 602 animi
221 550 262 603 tui
277 549 461 621 teneritudine
479 568 533 602 nen
546 550 677 620 potueris,
697 558 769 604 certe
788 551 822 604 de
840 568 898 605 ma-

122 639 177 692 rito
196 639 235 693 nil
247 641 392 710 quicquam
409 640 454 694 uel
472 641 566 694 audias
583 640 628 694 uel
641 641 813 711 respondeas.
835 659 897 694 nam

123 738 152 784 et
170 729 300 783 familiam
318 738 438 783 nostram
456 731 510 783 iam
526 732 736 802 propagabimus
754 731 835 785 ethic
848 733 896 787 ad-

71 826 102 867 25
121 821 176 874 huc
195 819 328 874 infantilis
346 830 440 874 uterus
458 828 547 889 gestat
565 823 644 875 nobis
658 822 791 875 infantem
803 822 894 886 alium,

123 911 147 963 si
165 911 264 963 texeris
276 917 367 963 nostra
381 918 484 963 secreta
500 911 617 976 silentio,
638 912 772 977 diuinum,
793 913 815 965 si
833 930 897 983 pro-

123 1000 274 1065 fanaueris,
295 998 458 1054 mortalem’
490 1001 587 1056 nuntio
605 1001 710 1073 Psyche
728 1003 800 1056 laeta
817 1002 897 1058 flore·
917 1001 948 1055 12

122 1093 171 1145 bat
189 1097 218 1144 et
235 1091 345 1144 diuinae
364 1091 466 1145 subolis
485 1091 584 1145 solacio
602 1092 751 1162 plaudebat
767 1101 795 1146 et
810 1093 896 1147 futuri

122 1181 247 1251 pignoris
263 1181 350 1249 gloria
362 1181 497 1250 gestiebat
508 1190 536 1235 et
547 1183 663 1236 materni
675 1184 793 1236 nominis
806 1184 896 1253 digni·

123 1279 181 1325 tate
200 1271 347 1341 gaudebat.
368 1283 519 1326 crescentes
533 1273 632 1326 diasat
648 1291 755 1327 menses
768 1283 899 1328 exeuntes

91 1378 103 1415 s
123 1361 205 1414 anxia
218 1368 341 1414 numerat
356 1368 384 1414 et
396 1361 516 1416 sarcinae
529 1363 636 1417 nesciae
649 1364 804 1417 rudimento
816 1365 899 1417 mira·

123 1459 170 1504 tur
182 1450 216 1503 de
228 1451 306 1504 breui
319 1451 451 1521 punctulo
463 1459 571 1506 tantum
582 1453 810 1507 incrementulum
821 1454 899 1508 locu·

124 1541 206 1611 pletis
228 1541 308 1594 uteri.
347 1542 396 1595 sed
413 1541 467 1595 iam
486 1550 576 1613 pestes
595 1544 657 1597 illae
675 1545 901 1615 taeterrimaeque

124 1631 212 1684 furiae
236 1631 394 1685 anhelantes
418 1632 560 1702 uipereum
583 1635 658 1687 uirus
683 1643 711 1688 et
740 1634 901 1688 festinantes

127 1722 211 1791 impia
229 1721 367 1775 celeritate
386 1722 561 1791 nauigabant.
586 1732 651 1778 tunc
670 1725 708 1779 sic
726 1725 824 1778 iterum
841 1742 902 1779 mo-

72 1822 102 1862 10
124 1811 274 1865 mentarius
297 1812 410 1865 maritus
435 1830 511 1865 suam
528 1814 652 1884 Psychen
676 1815 805 1868 admonet
832 1812 901 1869 ‘dies

124 1901 220 1954 ultima
238 1908 266 1954 et
283 1918 361 1956 casus
379 1910 517 1956 extremus
535 1911 563 1956 et
578 1921 657 1957 sexus
669 1904 786 1958 infestus
798 1913 826 1959 et
838 1923 900 1959 san-

123 1990 187 2059 guis
204 1991 329 2045 inimicus
348 1992 401 2046 iam
421 1993 535 2063 sumpsit
552 2011 626 2047 arma
641 2001 669 2048 et
680 2002 768 2048 castra
780 2012 900 2049 commo·

123 2082 166 2133 uit
185 2088 212 2134 et
230 2082 315 2135 aciem
334 2083 432 2136 direxit
450 2093 478 2136 et
497 2078 643 2138 classicum
655 2086 820 2154 personauit.
847 2086 901 2139 iam

124 2188 257 2225 mucrone
278 2173 407 2227 destricto
434 2173 558 2242 iugulum
585 2182 663 2228 tuum
690 2174 822 2251 nefariae·
837 2184 900 2230 tuae

74 2269 104 2308 15
125 2279 232 2315 sorores
255 2270 360 2332 petunt.
399 2263 453 2317 heu
470 2263 579 2334 quantis
600 2281 747 2334 urguemur
765 2265 898 2332 cladibus,

178 2444 202 2485 21
215 2444 426 2495 genuinaanasoa
442 2444 446 2496 Ι
458 2444 484 2486 24
491 2452 513 2486 et
518 2450 627 2496 petinam
638 2459 680 2488 om.
688 2447 709 2487 F
714 2444 803 2488 auam·
816 2446 820 2500 Ι
832 2448 859 2490 26
868 2451 899 2489 sl·

123 2514 900 2572 lantiaradeadccorr.lprophanauerismortalemmortalemFa,ps·ius

123 2587 236 2628 mortalem
244 2588 285 2628 del.
291 2586 328 2640 χ’,
345 2589 437 2629 alteram
445 2599 462 2639 φ
471 2593 481 2636 ΙΙ
491 2591 501 2630 1
513 2592 590 2631 nuntio
600 2602 632 2641 φτ
649 2591 714 2632 uncio
724 2591 750 2644 Γ,
765 2592 854 2633 aad'cie
864 2604 899 2633 rc-

121 2661 230 2710 scra'ptum
242 2656 247 2712 Ι
258 2661 302 2701 leta
314 2658 318 2712 l
330 2660 343 2702 2
353 2661 470 2712 sobclissa
482 2659 487 2714 Ι
499 2661 511 2701 t
521 2664 615 2709 nescias
627 2660 789 2723 l'rudimentac
801 2661 805 2715 l
817 2664 830 2705 t
841 2665 900 2715 cele-

121 2734 188 2774 ritate
205 2727 209 2784 Ι
231 2732 254 2772 11
267 2738 377 2774 extremus
393 2738 432 2773 est.
453 2745 517 2775 sexus
532 2734 646 2787 Iahnius!
667 2726 757 2789 sangu¹s
