2244 3370
174 274 177 279 >
257 248 289 299 62
582 261 701 303 srvuun

210 340 241 383 Ἦ
256 400 365 466 Iuliam,
385 401 609 473 disciplinamque
627 403 764 473 publicam
782 404 910 474 turpibus
922 405 1036 460 adulte-

257 491 303 545 riis
321 492 549 546 existimationem
567 493 721 564 famamque
739 512 827 548 meam
847 494 977 559 laeseris,
1005 497 1034 549 iu

257 590 405 652 serpentes,
425 583 454 635 in
472 583 559 651 ignes,
579 584 608 636 in
626 584 707 648 feras,
733 584 761 637 in
780 602 844 638 aues
862 592 891 637 et
907 585 1034 653 gregalia
1056 605 1085 643 15

255 689 342 743 pecua
365 689 474 726 serenos
496 673 590 727 uultus
613 691 688 728 meos
710 673 819 727 sordide
841 675 1031 740 reformando,

256 770 284 815 at
302 769 393 817 tamen
411 763 560 817 modestiae
581 780 656 817 meae
673 782 791 828 memor,
812 765 942 835 quodque
960 767 1034 820 inter

255 853 321 906 istas
333 869 407 907 meas
419 870 516 907 manus
530 854 657 919 crederis,
677 862 775 908 cuncta
793 855 942 925 perficiam,
964 856 1032 910 dum

254 953 347 996 tamen
365 943 434 998 scias
452 944 572 997 aemulos
591 951 653 998 tuos
671 962 766 998 cauere
785 962 832 1009 ac,
858 945 936 1015 siqua
955 963 1031 1000 nunc

255 1032 284 1086 in
306 1033 386 1088 terris
411 1034 502 1105 puella
527 1033 676 1105 praepollet
701 1034 918 1105 pulchritudine,
947 1054 1028 1106 prae·
1050 1048 1079 1089 20

255 1123 340 1177 sentis
356 1124 482 1178 beneficii
500 1124 588 1178 uicem
605 1142 654 1195 per
672 1142 732 1178 eam
749 1125 815 1178 mihi
831 1142 976 1195 repensare
1002 1134 1030 1180 te

255 1211 378 1268 debere'.

202 1305 236 1354 23
324 1303 368 1357 Sic
392 1304 464 1358 fatus
488 1304 565 1358 iubet
588 1305 755 1360 Mercurium
779 1305 844 1358 deos
870 1323 966 1360 omnes
993 1308 1029 1361 ad

254 1395 408 1448 contionem
426 1394 549 1464 protinus
562 1411 722 1459 conuocare,
743 1412 774 1448 ac
786 1394 856 1465 siqui
869 1402 950 1449 coetu
963 1413 1028 1449 cae-

252 1485 361 1538 lestium
379 1484 521 1549 defuisset,
540 1484 569 1537 in
587 1501 704 1555 poenam
720 1485 814 1539 decem
826 1484 931 1539 milium
945 1503 1028 1539 num-
1048 1512 1050 1517 ·

252 1594 326 1629 mum
337 1585 504 1629 conuentum
516 1575 549 1629 iri
561 1575 746 1646 pronuntiare.
778 1593 832 1645 quo
844 1586 919 1629 metu
931 1577 1027 1630 statim

252 1667 387 1738 completo
405 1666 513 1721 caelesti
530 1667 636 1720 theatro
654 1684 703 1737 pro
722 1666 786 1719 sede
804 1665 914 1720 sublimi
926 1666 1027 1721 sedens
1046 1687 1059 1725 s

252 1775 379 1828 procerus
410 1757 534 1828 Iuppiter
566 1756 604 1810 sic
637 1755 762 1810 enuntiat
793 1753 849 1810 ‘dei
878 1758 1026 1827 conscripti

251 1849 394 1904 Musarum
406 1848 478 1912 albo,
499 1846 701 1902 adulescentem
713 1846 796 1901 istum
808 1846 884 1916 quod
898 1847 1027 1901 manibus

251 1940 319 1994 meis
337 1940 492 1993 alumnatus
509 1939 569 2001 sim,
588 1938 711 2008 profecto
730 1936 804 1990 scitis
822 1953 926 2001 omnes,
946 1939 1026 1991 cuius

250 2031 352 2100 primae
364 2028 515 2083 iuuentutis
528 2027 660 2082 caloratos
673 2027 790 2097 impetus
807 2026 885 2079 freno
903 2027 1026 2096 quodam

250 2119 434 2173 cohercendos
458 2118 618 2172 existimaui.
664 2125 706 2171 sat
729 2126 771 2171 est
794 2117 938 2171 cotidianis
961 2135 1024 2172 eum
1045 2136 1072 2176 ιο

199 2218 201 2221 ’
251 2201 403 2263 ΐαὴιιὶίέοὴ
422 2208 555 2263 adulteria
572 2215 737 2278 cunctasque
758 2207 926 2278 corruptelas
950 2208 1024 2262 infa-

250 2308 361 2354 matum.
390 2299 512 2353 tollenda
523 2306 565 2351 est
576 2298 664 2352 omnis
677 2298 783 2352 occasio
796 2308 824 2351 et
835 2297 943 2351 luxuria
954 2316 1025 2368 pue-

250 2389 307 2444 rilis
325 2389 494 2460 nuptialibus
512 2388 616 2458 pedicis
634 2387 779 2456 alliganda
807 2387 927 2458 puellam
940 2388 1027 2457 elegit

250 2490 278 2534 et
289 2478 447 2549 uirginitate
458 2478 593 2550 priuauits
612 2485 706 2532 teneat
716 2477 863 2548 possideat,
881 2477 1026 2548 amplexus

307 2701 331 2741 15
340 2700 363 2739 in
373 2700 451 2740 imbres
461 2698 554 2741 Iahnius
568 2701 581 2743 ss
594 2696 668 2748 ‘lectu
679 2692 684 2749 1
696 2695 708 2737 3
718 2705 797 2746 penam
809 2693 814 2742 1
826 2696 838 2736 6
849 2696 966 2737 dsFeorr.
974 2697 1005 2746 J·
1018 2695 1023 2746 Ι

249 2772 260 2810 7
272 2772 322 2811 aluo
333 2771 488 2811 adolescentem
500 2766 505 2821 1
517 2768 528 2808 8
539 2768 568 2808 sit
577 2768 607 2816 s'
619 2767 624 2823 l
637 2769 661 2809 ll
672 2768 753 2808 lauulis
764 2767 784 2805 F
792 2778 849 2808 corr.
856 2768 884 2817 J·

118 3032 816 3336 Lm
