2244 3370
237 202 269 251 56
560 209 677 251 sevum

188 296 218 337 Ἦ
237 352 314 407 dedit
331 352 456 422 protinus
470 349 510 406 ‘et
527 370 614 422 usque
632 352 668 406 ad
684 351 789 405 inferos
805 359 834 405 et
845 352 934 423 ipsius
948 351 1018 407 Orci
1109 406 1110 437 Ι

236 441 335 496 ferales
346 450 498 513 penateste
511 442 614 511 derige.
646 451 712 497 tunc
724 442 870 496 conferens
882 442 1017 512 pyxidem
1109 446 1110 515 ᾗ

236 533 415 603 Proserpinae
441 533 520 603 ‚petit
542 533 575 587 de
600 541 627 585 te
652 532 766 597 Venus‚‘
798 532 882 585 dicito
912 533 1016 597 ‚modi-

237 641 299 676 cum
318 624 351 677 dc
369 633 417 677 tua
433 624 526 678 mittas
544 623 569 677 ei
587 622 777 675 formonsitate
800 622 846 675 uel
871 622 907 675 ad
929 640 1017 677 unam
1110 626 1111 629 ’

237 713 331 787 saltem
344 712 479 767 dieculam
491 712 638 766 sufficiens.
660 730 723 765 nam
736 711 812 781 quod
823 711 931 775 habuit,
947 712 1016 765 dum
1039 725 1067 763 ts

237 802 323 859 filium
341 811 417 856 curat
434 809 585 871 aegrotum,
606 801 774 871 consumpsit
786 814 868 871 atque
880 802 1017 856 contriuit

237 897 338 946 omne‘
380 893 429 946 sed
452 893 527 947 haud
549 892 720 957 immaturius
743 892 849 956 redito,
881 892 946 962 quia
969 910 1016 945 me

238 999 347 1036 necesse
365 990 407 1036 est
423 983 545 1037 indidem
559 982 669 1036 delitam
680 980 816 1037 theatrum
829 983 942 1036 deorum
955 982 1016 1036 fre-

188 1084 218 1133 17
238 1069 388 1143 quentare.’
425 1083 491 1128 tunc
516 1073 623 1143 Psyche
644 1071 689 1126 uel
707 1071 823 1125 maxime
842 1072 928 1126 sensit
945 1071 1016 1125 ulti·
1062 1056 1066 1063 ’

196 1202 201 1209 .
237 1180 294 1216 mas
311 1162 436 1216 fortunas
454 1180 516 1217 suas
533 1170 561 1216 et
572 1162 726 1216 uelamento
739 1161 839 1216 reiecto
853 1161 889 1215 ad
900 1179 1014 1233 promp-

236 1260 295 1305 tum
323 1253 435 1306 exitium
466 1270 524 1306 sese
553 1251 678 1322 compelli
701 1251 845 1305 manifeste
868 1252 1012 1321 comperit.

237 1342 352 1412 quidni?
370 1360 439 1412 quae
457 1343 513 1396 suis
530 1342 647 1413 pedibus
665 1343 737 1396 ultro
755 1343 792 1396 ad
808 1350 941 1395 tartarum
953 1359 1015 1395 ma·

238 1450 340 1503 necque
359 1450 509 1486 commeare
527 1441 679 1501 cogeretur.
1053 1446 1066 1484 s

288 1522 347 1575 Nec
366 1530 491 1575 cunctata
509 1522 611 1577 diutius
628 1523 717 1593 pergit
735 1523 771 1576 ad
783 1522 939 1593 quampiam
951 1530 1013 1576 tur-

237 1612 288 1665 rim
306 1612 453 1682 praealtam
471 1612 592 1666 indidem
614 1630 672 1667 sese
696 1613 793 1667 datura
816 1611 1011 1683 praecipitem

238 1703 276 1757 sic
288 1703 360 1757 enim
372 1703 483 1756 rebatur
496 1702 531 1757 ad
542 1701 645 1756 inferos
657 1712 730 1756 recta
742 1711 823 1773 atque
836 1702 916 1772 proin
925 1701 1014 1755 celer-

237 1791 304 1845 rime
323 1809 351 1845 se
363 1809 443 1862 posse
456 1792 630 1846 descendere.
662 1792 710 1846 sed
721 1793 804 1846 turris
816 1791 969 1863 prorumpit
981 1793 1011 1845 iu

237 1899 334 1935 uocem
352 1881 470 1936 subitam
488 1889 516 1936 et
536 1878 614 1952 ‘quid
637 1879 675 1937 te’
700 1882 792 1953 inquit
812 1879 1010 1953 ‘praecipitem
1036 1898 1063 1939 lt
1114 1894 1115 1903 ¹

214 1986 217 1991 ¹
238 1989 254 2023 o
267 1971 381 2036 misella,
400 1971 507 2042 quaeris
520 1967 697 2042 extinguere?
715 1972 836 2043 quidque
848 1972 903 2025 iam
916 1973 1012 2026 nouis-

239 2059 306 2113 simo
329 2060 450 2131 periculo
475 2061 615 2132 laborique
637 2063 689 2116 isto
712 2071 813 2117 temere
838 2062 1013 2117 succumbis?

238 2167 301 2205 nam
319 2151 342 2203 si
360 2150 470 2221 spiritus
483 2168 594 2221 corpore
606 2160 654 2204 tuo
668 2152 750 2206 semel
763 2152 846 2206 fuerit
859 2152 1009 2221 seiugatus,

295 2353 317 2393 ll
326 2354 469 2405 etasqnec⁸e
480 2354 589 2407 ucqner
601 2354 606 2408 Ι
618 2356 793 2407 occiserccosl'l
805 2355 961 2410 ilderigcsp:
971 2358 1011 2397 dc-

235 2427 293 2477 rigat
304 2422 309 2477 Ι
321 2427 464 2473 οοηῐετευυςι
475 2429 572 2468 conteres
584 2424 589 2481 Ι
603 2427 626 2468 ll
634 2429 704 2468 redito
709 2431 755 2478 sp:
765 2429 851 2470 rcdditc
863 2426 867 2483 Ι
882 2428 1012 2479 chstsaat

232 2496 277 2546 s·.·
292 2503 314 2537 et
325 2497 451 2540 Festcorr.
462 2500 583 2548 accolit
595 2500 670 2550 quidni
681 2498 777 2553 pendnl
789 2498 794 2547 Ι
806 2501 818 2542 7
829 2501 886 2549 ses'
898 2499 902 2552 Ι
914 2500 1007 2548 daturi!

237 2569 319 2625 tlrecte
331 2566 336 2620 Ι
347 2572 377 2611 ati
384 2568 406 2610 F
412 2581 469 2612 corr.
477 2570 508 2609 F¹
522 2569 527 2622 Ι
538 2571 601 2620 proin
611 2572 720 2612 celerrime
725 2570 835 2612 Iahnius:
845 2573 991 2623 pulcherrime
1003 2569 1007 2620 Ι

236 2640 334 2691 opsono
346 2639 350 2694 Ι
362 2644 425 2683 terris
434 2645 456 2683 ct
465 2642 489 2682 s'n
499 2654 567 2694 snarq.
580 2642 641 2684 turF
649 2644 714 2684 turris
720 2642 747 2692 s·
760 2641 764 2691 Ι
778 2643 799 2684 ll
813 2644 884 2693 queris
897 2641 901 2695 Ι
913 2656 955 2694 que
964 2644 1008 2684 iam

235 2712 276 2753 del.
284 2709 315 2765 ,ΙΙ
329 2712 353 2754 12
363 2714 496 2764 incumbicp

12 3204 18 3319 l
100 3164 440 3320 1
