2244 3370
260 254 276 304 t
585 264 706 305 arvuau

215 347 245 393 w
259 406 305 477 qui
323 404 399 460 malis
417 406 472 460 suis
491 405 612 460 moribus
636 412 792 475 contempta
815 404 957 475 disciplina
978 423 1032 477 pu·
1055 419 1085 459 15

258 495 331 552 blica
348 495 463 553 flammis
482 503 509 549 et
526 496 633 566 sagittis
651 502 770 549 armatus
788 511 836 565 per
853 493 955 547 alienas
980 495 1032 548 do-

259 603 317 640 mos
336 594 415 640 nocte
434 586 589 640 discurrens
606 593 634 640 et
651 585 773 639 omnium
786 583 958 638 matrimonia
970 602 1032 638 cor-

259 693 387 746 rumpens
405 677 515 747 impune
533 676 679 730 committit
695 683 771 729 tanta
789 673 892 743 flagitia
912 681 939 728 et
962 674 1032 729 nihil

259 782 368 836 prorsus
386 766 453 819 boni
470 766 543 820 facit.
580 766 653 820 hunc
672 782 835 837 quamquam
852 764 973 835 genuina
996 765 1031 820 li-

259 856 349 911 centia
370 873 511 927 procacem
534 856 625 911 uerbis
648 874 756 927 quoque
778 856 888 926 iusuper
911 855 1033 909 stimulat
1053 865 1084 906 ro

259 952 287 1000 at
310 946 434 1017 perducit
455 948 491 1001 ad
512 947 586 1002 illam
608 946 746 1001 ciuitatem
769 953 798 999 et
814 945 939 1015 Psychen
966 945 1031 1008 (hoc

259 1036 332 1091 enirn
350 1037 459 1091 nomine
480 1037 571 1108 puella
593 1037 808 1107 nuncupabatur)
830 1052 920 1088 coram
937 1044 1031 1088 osten-

209 1128 239 1180 31
261 1125 316 1191 dit,
340 1135 368 1184 et
384 1135 443 1182 tota
460 1127 506 1181 illa
522 1128 625 1198 perlata
643 1127 677 1181 de
695 1125 892 1180 formonsitatis
909 1125 1031 1179 aemula-

258 1215 332 1271 tione
351 1215 444 1271 iabula
461 1234 573 1288 gemens
591 1236 621 1272 ac
639 1218 756 1271 fremens
774 1215 962 1286 indignatione
972 1212 1032 1286 ‘per

259 1323 309 1376 ego
327 1302 361 1360 te'
381 1306 471 1377 inquit
485 1306 635 1362 ‘maternae
656 1307 774 1361 caritatis
797 1306 909 1360 foedera
932 1306 1029 1376 depre-

259 1413 318 1460 cor,
342 1414 391 1467 per
414 1404 476 1451 tuae
499 1397 613 1467 sagittae
638 1396 727 1452 dulcia
745 1396 868 1460 uulnera,
888 1413 937 1466 per
954 1395 1030 1450 flam·

258 1503 317 1541 mae
347 1487 425 1542 istius
458 1488 574 1542 mellitas
606 1488 746 1551 uredines,
786 1485 936 1541 uindictam
965 1494 1064 1545 tuaes

258 1576 378 1647 parenti,
410 1579 459 1632 sed
487 1577 595 1648 plenam
624 1578 712 1633 tribue
740 1585 768 1632 et
794 1578 823 1631 in
850 1575 1029 1647 pulchritudi-

258 1683 321 1722 nem
340 1675 526 1723 contumacem
544 1676 701 1724 reuerenter
718 1668 827 1723 uindica
844 1667 927 1738 idque
944 1685 1030 1722 unum

258 1762 286 1811 et
303 1774 352 1828 pro
371 1757 496 1812 omnibus
512 1759 623 1814 unicum
646 1758 742 1814 uolens
764 1759 850 1813 effici:
877 1758 955 1826 uirgo
978 1758 1031 1811 ista

258 1862 348 1902 amora
370 1846 578 1918 flagrantissimo
604 1858 730 1904 teneatur
758 1848 874 1903 hominis
903 1848 1026 1911 extremi,

258 1952 339 2008 quam
357 1945 384 1992 et
403 1938 542 2008 dignitatis
560 1947 588 1994 et
605 1940 760 2010 patrimonii
779 1939 860 1993 simul
878 1948 906 1994 et
922 1937 1030 1993 incolu-
1051 1952 1080 1994 10

258 2024 360 2081 utitatis
377 2027 461 2099 ipsius
480 2029 589 2084 fortuna
607 2029 760 2095 damnauit,
785 2036 895 2100 tamque
916 2029 1027 2095 infirmi,

259 2122 289 2171 ut
307 2134 356 2188 per
373 2125 462 2173 totum
479 2121 573 2173 orbem
592 2138 648 2174 non
670 2120 795 2173 inueniat
816 2120 939 2173 miseriae
964 2137 1028 2174 auae

258 2204 428 2279 comparem?
465 2210 503 2264 sic
521 2208 603 2264 effata
620 2217 648 2264 et
665 2208 763 2264 osculis
779 2208 920 2263 hiantibus
943 2208 1029 2263 filium

259 2294 306 2351 diu
325 2314 355 2352 ac
374 2300 494 2369 pressule
512 2300 616 2354 sauiata
630 2298 766 2370 proximas
779 2315 839 2352 oras
852 2298 930 2357 reflui
942 2297 1029 2354 litoris

261 2436 415 2450 *-

314 2537 339 2580 18
350 2540 417 2584 nichil
435 2539 440 2597 Ι
458 2544 483 2585 tt
493 2546 578 2596 quiqui
588 2544 608 2584 F
616 2515 703 2595 qudqua
712 2541 743 2583 ΕΙ
756 2538 761 2594 Ι
772 2553 865 2594 genuina
875 2539 896 2580 F
902 2551 960 2580 corr.
970 2538 1000 2578 pr
1013 2537 1018 2592 Ι

258 2606 282 2652 tt
295 2612 402 2664 psychen·
421 2617 432 2661 ΙΙ
450 2615 548 2667 braden
564 2613 568 2669 Ι
584 2616 685 2670 dragitte
701 2613 706 2667 Ι
723 2615 807 2656 flamme
824 2610 829 2665 Ι
845 2610 956 2663 dtribua!
974 2610 1029 2652 Set-

258 2680 297 2723 toa
308 2692 319 2729 t
331 2679 336 2735 Ι
347 2682 360 2725 9
370 2685 539 2739 ἠηῐαηιίοειιιιο
550 2685 555 2742 Ι
568 2688 591 2729 n
603 2689 691 2730 fortuna
700 2683 780 2735 clj‘:
791 2687 878 2726 fortune
892 2683 932 2734 Fc
944 2681 949 2738 Ι
960 2685 1030 2726 infimi

257 2764 268 2799 t
280 2751 284 2808 Ι
297 2756 322 2799 il
333 2760 401 2802 ocull·
412 2756 417 2812 Ι
430 2760 455 2802 lt
464 2760 582 2808 sabtataj‘
