2244 3370
259 218 291 268 52
583 226 702 266 nrvnnn

210 311 242 352 vi
612 286 626 329 Ι

257 386 394 439 cornuque
416 375 496 422 acuto
520 375 548 421 et
570 369 660 422 fronte
684 384 763 421 saxea
781 375 809 420 et
826 385 1041 439 nonnumquam

257 460 400 514 uenenatis
416 458 551 512 morsibus
569 458 598 512 in
617 458 728 512 exitium
741 458 845 512 saeuire
861 458 1037 522 mortalium

258 551 307 604 sed
324 550 389 604 dum
406 548 532 602 meridies
551 548 614 603 solis
633 549 768 603 sedauerit
790 565 921 618 uaporem
940 557 968 603 et
987 567 1039 620 pe-
1107 542 1109 551 ⁴

257 642 328 695 cuda
353 638 463 711 spiritns
492 638 608 693 fluuialis
638 639 783 692 serenitate
812 639 1036 709 conquieuerint,

258 731 359 801 poteris
383 730 432 784 snb
457 729 503 783 illa
523 729 711 800 procerissima
735 731 858 799 platano,
885 747 957 799 quae
977 747 1039 782 me-
1061 738 1085 776 15

258 838 319 874 cum
338 820 417 874 simul
435 837 519 873 unum
532 820 666 874 fluentum
683 819 762 884 bibit,
783 820 899 873 latenter
917 821 1038 874 abscon-

259 912 337 975 dere,
363 917 392 964 et
415 929 476 964 cum
499 910 617 980 primurn
640 910 763 978 mitigata
786 909 858 963 furia
882 910 1038 965 laxauerint

260 1020 326 1055 oues
345 1001 475 1063 animum,
494 1001 630 1071 percussis
648 1000 792 1054 frondibus
804 1000 903 1069 attigui
915 1002 1037 1054 nemoris

258 1093 383 1146 lanosum
401 1098 498 1146 aurum
515 1092 667 1162 repperies,
693 1091 767 1161 quod
784 1091 885 1161 passim
904 1091 1036 1162 stirpibus

210 1187 240 1237 13
259 1183 368 1237 conexis
387 1179 572 1237 obhaerescit'.
611 1184 649 1235 sic
666 1181 771 1235 arundo
793 1181 907 1252 simplex
930 1190 960 1235 et
983 1181 1035 1235 hu·
1056 1185 1083 1226 ²⁰

259 1291 339 1327 mana
350 1272 474 1342 Psychen
492 1272 669 1340 aegerrimam
687 1272 801 1325 salutem
818 1289 894 1326 suam
907 1272 1033 1327 docebat.

259 1381 309 1416 nec
327 1362 478 1416 auscultatu
492 1363 603 1432 penitus
619 1363 726 1416 intento
739 1363 884 1431 diligenter
902 1363 1036 1419 instructu

259 1453 305 1506 ille
315 1452 441 1516 cessauit,
453 1453 502 1506 sed
514 1453 665 1507 obseruatis
678 1453 806 1507 omnibus
815 1453 950 1507 furatrina
959 1454 1035 1508 facili

258 1542 386 1597 flauentis
404 1541 463 1596 auri
480 1543 594 1596 mollitie
612 1550 771 1611 congestum
787 1543 920 1612 gremium
933 1544 1036 1598 Veneri
1071 1558 1081 1595 s
1108 1532 1109 1535 ¹

259 1641 386 1704 reportet.
408 1651 458 1687 nec
470 1641 562 1687 tamen
575 1635 648 1704 apud
660 1634 798 1688 dominam
811 1633 907 1687 saltem
920 1635 1035 1689 secundi

259 1724 359 1779 laboris
376 1724 525 1795 periculum
544 1724 694 1778 secundnm
712 1723 899 1778 testimonium
922 1726 1033 1789 meruit,

259 1815 308 1868 sed
325 1814 457 1868 contortis
475 1814 624 1884 superciliis
637 1813 781 1868 subridens
794 1831 916 1868 amarum
934 1815 973 1868 sic
990 1816 1034 1870 in·

259 1905 320 1974 quit
339 1903 401 1959 ‘neo
422 1923 465 1958 me
483 1906 613 1975 praeterit
629 1904 710 1958 huius
727 1921 835 1975 quoqne
854 1904 919 1958 lacti
937 1914 1036 1960 auctor

259 1996 436 2049 adulterinus.
460 1996 510 2050 sed
522 1995 575 2049 iarn
589 2013 661 2048 nuno
673 2011 725 2064 ego
738 1995 832 2049 sedulo
845 1995 1033 2064 periclitabor,
1056 2003 1080 2043 10
1107 1976 1108 2013 Ι

259 2102 294 2137 an
318 2085 419 2154 oppido
437 2085 501 2139 lorti
522 2084 613 2139 animo
631 2084 815 2154 singrdorique
833 2085 980 2154 prudentia
998 2086 1035 2141 sis

259 2174 390 2244 praedita.
414 2174 529 2228 uidesne
547 2173 717 2228 insistentem
735 2175 896 2229 celsissimae
914 2174 955 2229 illi
972 2178 1035 2248 rupi
1107 2182 1108 2213 1

316 2365 336 2404 ll
351 2364 532 2418 nonnunquam!
552 2366 577 2406 tr
586 2367 657 2418 scuire
669 2368 698 2414 s:
713 2368 794 2407 seruire
807 2365 811 2420 Ι
826 2367 849 2408 13
860 2368 943 2417 pecuda
954 2369 1035 2410 Hilde-

260 2436 369 2476 brandus:
386 2438 462 2486 pesula
472 2436 493 2477 F
504 2450 572 2488 pecua
582 2449 594 2484 ς
605 2435 609 2490 Ι
629 2438 653 2478 lb
664 2445 685 2479 te
696 2440 847 2485 absconderes
860 2438 864 2490 Ι
884 2439 908 2479 18
919 2441 1014 2492 attingul
1027 2439 1031 2493 Ι

260 2507 404 2557 nemorlss‘:
418 2510 499 2550 nemori
509 2509 530 2549 F
541 2504 659 2560 nemorl⁸o
679 2509 683 2558 Ι
701 2510 840 2552 insonueris
858 2515 868 2559 ΙΙ
887 2513 1033 2554 beustultutu

259 2581 280 2621 F
288 2593 345 2622 corr.
356 2581 387 2622 ΙΙ1
400 2579 405 2634 Ι
423 2583 509 2631 penitus
519 2582 605 2641 intento
614 2582 723 2624 Iahnius:
739 2584 857 2634 penitendo
869 2586 873 2634 Ι
885 2584 985 2635 digenter
995 2596 1033 2624 su·

257 2653 406 2705 peremptori
421 2653 442 2693 F
452 2653 456 2707 Ι
473 2655 485 2694 l
499 2655 549 2695 cille
558 2653 579 2695 F
590 2644 647 2695 coir.
658 2653 690 2696 F¹
703 2656 707 2708 Ι
719 2654 1013 2706 equoqueom.1³aad.r¹
1028 2658 1032 2710 Ι

262 2725 286 2766 12
296 2726 414 2777 οςιιίιιὶωφ

115 3068 878 3312 am
