2244 3370
240 235 271 284 70
390 244 633 286 urrnooaaravs
651 244 815 286 vnrrcauvs

239 385 358 456 puellam
382 386 520 440 adamauit
544 394 571 439 et
595 387 652 456 ipse
676 404 705 441 sc
729 404 777 441 suo
795 386 850 441 telo
868 389 1021 456 percussit.

239 476 330 547 itaque
348 475 484 548 Apollinis
511 476 718 531 denuntiatione
742 477 854 532 iubetur
876 478 970 547 puella
988 479 1021 532 in

240 567 342 620 montis
359 566 499 621 cacumine
517 565 574 620 sola
592 566 692 621 dimitti
711 575 738 620 et
756 575 877 638 pennato
895 569 1021 638 serpenti

193 675 221 714 15
241 674 340 727 sponsa
359 657 497 711 destinari.
529 657 651 727 perfecto
668 657 753 726 igitur
771 657 899 728 choragio
919 659 956 724 (id
976 667 1025 713 est-

241 746 369 816 uirginali
381 747 485 810 funere)
501 747 591 816 puella
603 765 651 817 per
663 749 763 802 montis
776 748 892 802 decliuia
904 749 1020 819 zephyri

241 836 332 890 flantis
351 837 406 890 leni
429 844 541 891 uectura
564 838 673 908 delapsa
696 839 725 892 in
749 838 885 909 quandam
905 839 1021 892 domum

242 944 350 980 auream
368 927 472 997 rapitur
490 935 518 981 et
535 925 695 998 pretiosam,
720 928 810 998 ibique
829 929 944 983 uocibus
963 929 1019 982 sibi

242 1018 432 1071 tantummodo
451 1018 634 1073 seruientibus
652 1019 747 1087 ignoto
766 1019 894 1073 utebatur
918 1019 1021 1072 coniu-

193 1123 222 1164 20
242 1107 296 1176 gio.
335 1125 397 1162 nam
416 1118 495 1162 nocte
515 1109 665 1163 adueniens
689 1108 802 1163 maritus
825 1109 946 1163 ueneriis
968 1126 1023 1179 per

243 1197 359 1252 obscura
377 1199 493 1268 peractis
511 1207 543 1252 ut
560 1198 649 1254 inuise
673 1197 844 1269 uespertinus
867 1200 1021 1253 aduenerat

243 1289 282 1341 ita
294 1288 452 1357 crepusculo
465 1289 622 1357 incognitus
636 1289 801 1344 discedebat.
828 1290 876 1343 sed
888 1291 924 1344 ad
935 1289 1021 1342 huius

244 1386 358 1432 mortem
378 1377 531 1432 deflendam
549 1396 654 1433 sorores
673 1380 844 1434 aduenerant
861 1379 1022 1450 montisque

245 1486 393 1522 conscenso
412 1468 550 1522 cacumine
569 1486 725 1538 germanam
737 1470 846 1539 lugubri
859 1487 927 1523 uoce
940 1470 1018 1539 flagi·

195 1578 225 1619 25
244 1559 349 1613 tabant.
387 1566 415 1612 et
432 1559 557 1628 quamuis
576 1559 621 1613 ille
640 1560 740 1613 coniux
757 1559 878 1629 lucifuga
899 1560 1022 1614 sororios

245 1651 270 1703 ei
283 1649 475 1726 comminando
488 1656 594 1703 uetaret
606 1658 741 1719 aspectus,
752 1657 843 1703 tamen
853 1650 1020 1719 consangui-

245 1757 312 1793 neae
332 1727 451 1793 caritatis
469 1740 636 1793 ineuitabilis
655 1740 736 1794 ardor
753 1740 844 1805 euicit,
865 1757 895 1794 ac
909 1741 1021 1819 zepbyri

245 1830 337 1884 flantis
355 1847 419 1884 aura
437 1830 587 1885 uectitante
606 1831 642 1884 ad
660 1838 745 1884 semet
763 1831 880 1884 sororios
892 1831 1020 1901 perducit

246 1921 368 1975 affectus.
380 1939 495 1991 quarum
506 1921 651 1974 uenenosis
661 1920 781 1974 consiliis
788 1921 821 1974 de
831 1920 922 1974 mariti
932 1919 1021 1973 forma

196 2029 226 2071 ao
246 2012 402 2081 quaerenda
414 2011 597 2066 curiositatem
610 2028 675 2065 suae
688 2011 782 2065 salutis
796 2026 941 2064 nouercam
951 2011 1022 2063 arri·

246 2102 313 2171 puit.
340 2102 459 2172 denique
471 2102 585 2155 credens
597 2101 735 2155 sororibus
749 2117 777 2154 se
789 2100 885 2153 marito
899 2101 1020 2169 serpenti

247 2192 429 2255 coniunctam,
449 2191 525 2244 uelut
539 2192 655 2245 bestiam
668 2191 845 2244 interfectura
857 2189 1020 2244 nouaculam

248 2281 297 2336 sub
309 2280 447 2350 puluinari
459 2280 605 2334 abscondit
617 2281 809 2351 lucernamque
822 2281 913 2334 modio
924 2288 1021 2334 conte-

248 2372 295 2440 git.
311 2388 426 2441 cumque
439 2369 523 2424 altum
535 2389 659 2441 soporem
672 2371 784 2425 maritus
795 2370 964 2436 extenderet,
973 2370 1020 2424 illa

199 2480 229 2519 35
248 2462 320 2515 ferro
338 2470 442 2514 armata
460 2461 624 2532 lucernaque
643 2470 720 2516 eruta
750 2461 885 2531 Cupidine
909 2461 1021 2532 cognito

249 2553 314 2606 dum
332 2552 494 2606 immodesto
513 2551 612 2606 amoris
631 2560 751 2605 torretur
773 2552 887 2616 affectu,
914 2550 1023 2605 scintil-

305 2758 328 2797 lt
338 2759 437 2807 pentiato
448 2758 511 2797 codex
523 2754 527 2811 Ι
539 2757 565 2799 29
576 2766 618 2808 que
629 2757 693 2797 codex
704 2754 709 2808 Ι
721 2756 747 2797 33
758 2757 850 2807 contigit
860 2756 925 2796 codex
