<?xml version="1.0" encoding="UTF-8"?>
<!DOCTYPE html PUBLIC "-//W3C//DTD XHTML 1.0 Transitional//EN"
    "http://www.w3.org/TR/xhtml1/DTD/xhtml1-transitional.dtd">
<html xmlns="http://www.w3.org/1999/xhtml" xml:lang="en" lang="en">
 <head>
  <title>
</title>
<meta http-equiv="Content-Type" content="text/html;charset=utf-8" />
  <meta name='ocr-system' content='tesseract 3.04.00' />
  <meta name='ocr-capabilities' content='ocr_page ocr_carea ocr_par ocr_line ocrx_word'/>
</head>
<body>
  <div class='ocr_page' id='page_1' title='image "apvleiipsycheet00jahngoog_0070.png"; bbox 0 0 2244 3370; ppageno 0'>
   <div class='ocr_carea' id='block_1_1' title="bbox 328 263 859 314">
    <p class='ocr_par' dir='ltr' id='par_1_1' title="bbox 328 263 859 314">
     <span class='ocr_line' id='line_1_1' title="bbox 328 263 859 314; baseline -0.002 -2"><span class='ocrx_word' id='word_1_1' title='bbox 328 272 443 313; x_wconf 73' lang='lat' dir='ltr'>Paroria</span> <span class='ocrx_word' id='word_1_2' title='bbox 461 273 498 313; x_wconf 82' lang='grc' dir='ltr'>ΕΤ</span> <span class='ocrx_word' id='word_1_3' title='bbox 518 272 626 313; x_wconf 88' lang='lat' dir='ltr'>CVPIDO</span> <span class='ocrx_word' id='word_1_4' title='bbox 827 263 859 314; x_wconf 79' lang='grc'>47</span> 
     </span>
    </p>
   </div>
   <div class='ocr_carea' id='block_1_2' title="bbox 34 360 912 485">
    <p class='ocr_par' dir='ltr' id='par_1_2' title="bbox 34 360 912 485">
     <span class='ocr_line' id='line_1_2' title="bbox 34 360 912 485; baseline -0.001 -15"><span class='ocrx_word' id='word_1_5' title='bbox 34 430 65 470; x_wconf 87' lang='lat'>10</span> <span class='ocrx_word' id='word_1_6' title='bbox 87 415 176 469; x_wconf 89' lang='lat' dir='ltr'>uerim</span> <span class='ocrx_word' id='word_1_7' title='bbox 188 414 333 485; x_wconf 85' lang='lat' dir='ltr'>repperire.</span> <span class='ocrx_word' id='word_1_8' title='bbox 355 413 394 479; x_wconf 71' lang='lat' dir='ltr'>nii</span> <span class='ocrx_word' id='word_1_9' title='bbox 406 430 471 483; x_wconf 82' lang='lat' dir='ltr'>ergo</span> <span class='ocrx_word' id='word_1_10' title='bbox 483 421 606 484; x_wconf 77' lang='lat' dir='ltr'>superest</span> <span class='ocrx_word' id='word_1_11' title='bbox 618 431 701 484; x_wconf 87' lang='lat' dir='ltr'>quam</span> <span class='ocrx_word' id='word_1_12' title='bbox 718 422 766 468; x_wconf 92' lang='lat' dir='ltr'>tuo</span> <span class='ocrx_word' id='word_1_13' title='bbox 781 431 860 485; x_wconf 90' lang='lat' dir='ltr'>prae·</span> <span class='ocrx_word' id='word_1_14' title='bbox 881 360 912 402; x_wconf 83' lang='lat' dir='ltr'>V1</span> 
     </span>
    </p>
   </div>
   <div class='ocr_carea' id='block_1_3' title="bbox 32 503 957 2564">
    <p class='ocr_par' dir='ltr' id='par_1_3' title="bbox 84 503 860 758">
     <span class='ocr_line' id='line_1_3' title="bbox 86 503 857 575; baseline 0.001 -16"><span class='ocrx_word' id='word_1_15' title='bbox 86 504 167 559; x_wconf 92' lang='lat' dir='ltr'>conio</span> <span class='ocrx_word' id='word_1_16' title='bbox 181 504 332 575; x_wconf 89' lang='lat' dir='ltr'>praemium</span> <span class='ocrx_word' id='word_1_17' title='bbox 349 503 569 573; x_wconf 80' lang='lat' dir='ltr'>inuestigationis</span> <span class='ocrx_word' id='word_1_18' title='bbox 581 504 731 575; x_wconf 85' lang='lat' dir='ltr'>publicitus</span> <span class='ocrx_word' id='word_1_19' title='bbox 743 504 857 560; x_wconf 84' lang='lat' dir='ltr'>edicere.</span> 
     </span>
     <span class='ocr_line' id='line_1_4' title="bbox 85 594 860 668; baseline 0 -18"><span class='ocrx_word' id='word_1_20' title='bbox 85 596 129 650; x_wconf 85' lang='lat' dir='ltr'>fac</span> <span class='ocrx_word' id='word_1_21' title='bbox 149 611 213 664; x_wconf 83' lang='lat' dir='ltr'>ergo</span> <span class='ocrx_word' id='word_1_22' title='bbox 231 595 390 649; x_wconf 88' lang='lat' dir='ltr'>mandatum</span> <span class='ocrx_word' id='word_1_23' title='bbox 407 601 527 649; x_wconf 89' lang='lat' dir='ltr'>matures</span> <span class='ocrx_word' id='word_1_24' title='bbox 540 612 632 648; x_wconf 90' lang='lat' dir='ltr'>meum</span> <span class='ocrx_word' id='word_1_25' title='bbox 644 602 671 648; x_wconf 88' lang='lat' dir='ltr'>et</span> <span class='ocrx_word' id='word_1_26' title='bbox 682 594 792 661; x_wconf 87' lang='lat' dir='ltr'>indicia,</span> <span class='ocrx_word' id='word_1_27' title='bbox 813 596 860 668; x_wconf 89' lang='lat' dir='ltr'>qui</span> 
     </span>
     <span class='ocr_line' id='line_1_5' title="bbox 84 684 860 758; baseline 0.004 -20"><span class='ocrx_word' id='word_1_28' title='bbox 84 685 171 756; x_wconf 86' lang='lat' dir='ltr'>possit</span> <span class='ocrx_word' id='word_1_29' title='bbox 188 684 313 755; x_wconf 80' lang='lat' dir='ltr'>agnosci,</span> <span class='ocrx_word' id='word_1_30' title='bbox 333 685 476 739; x_wconf 82' lang='lat' dir='ltr'>manifeste</span> <span class='ocrx_word' id='word_1_31' title='bbox 495 685 637 754; x_wconf 80' lang='lat' dir='ltr'>designes,</span> <span class='ocrx_word' id='word_1_32' title='bbox 657 703 692 740; x_wconf 88' lang='lat' dir='ltr'>ne</span> <span class='ocrx_word' id='word_1_33' title='bbox 709 686 795 758; x_wconf 88' lang='lat' dir='ltr'>siquis</span> <span class='ocrx_word' id='word_1_34' title='bbox 813 705 860 741; x_wconf 91' lang='lat' dir='ltr'>oc-</span> 
     </span>
    </p>

    <p class='ocr_par' dir='ltr' id='par_1_4' title="bbox 47 775 930 859">
     <span class='ocr_line' id='line_1_6' title="bbox 47 775 930 859; baseline 0.001 -29"><span class='ocrx_word' id='word_1_35' title='bbox 47 848 52 857; x_wconf 32' lang='grc' dir='ltr'><strong><em>Ι</em></strong></span> <span class='ocrx_word' id='word_1_36' title='bbox 85 775 243 831; x_wconf 90' lang='lat' dir='ltr'>cultationis</span> <span class='ocrx_word' id='word_1_37' title='bbox 266 775 376 829; x_wconf 77' lang='lat' dir='ltr'>illicitae</span> <span class='ocrx_word' id='word_1_38' title='bbox 401 775 503 828; x_wconf 86' lang='lat' dir='ltr'>crimen</span> <span class='ocrx_word' id='word_1_39' title='bbox 528 775 659 840; x_wconf 86' lang='lat' dir='ltr'>subierit,</span> <span class='ocrx_word' id='word_1_40' title='bbox 686 776 859 846; x_wconf 81' lang='lat' dir='ltr'>ignorantiae</span> <span class='ocrx_word' id='word_1_41' title='bbox 914 834 930 859; x_wconf 24' lang='grc' dir='ltr'>ἢ</span> 
     </span>
    </p>

    <p class='ocr_par' dir='ltr' id='par_1_5' title="bbox 32 862 957 1480">
     <span class='ocr_line' id='line_1_7' title="bbox 32 862 860 937; baseline -0.002 -13"><span class='ocrx_word' id='word_1_42' title='bbox 32 884 64 924; x_wconf 80' lang='lat'>15</span> <span class='ocrx_word' id='word_1_43' title='bbox 85 885 114 921; x_wconf 91' lang='lat' dir='ltr'>se</span> <span class='ocrx_word' id='word_1_44' title='bbox 131 866 217 937; x_wconf 87' lang='lat' dir='ltr'>possit</span> <span class='ocrx_word' id='word_1_45' title='bbox 235 866 410 920; x_wconf 82' lang='lat' dir='ltr'>excusatione</span> <span class='ocrx_word' id='word_1_46' title='bbox 429 862 594 920; x_wconf 84' lang='lat' dir='ltr'>defendere’.</span> <span class='ocrx_word' id='word_1_47' title='bbox 624 874 654 920; x_wconf 91' lang='lat' dir='ltr'>et</span> <span class='ocrx_word' id='word_1_48' title='bbox 669 866 749 921; x_wconf 88' lang='lat' dir='ltr'>simul</span> <span class='ocrx_word' id='word_1_49' title='bbox 766 868 860 923; x_wconf 80' lang='lat' dir='ltr'>dicens</span> 
     </span>
     <span class='ocr_line' id='line_1_8' title="bbox 83 955 859 1027; baseline 0.001 -16"><span class='ocrx_word' id='word_1_50' title='bbox 83 955 207 1011; x_wconf 88' lang='lat' dir='ltr'>libellum</span> <span class='ocrx_word' id='word_1_51' title='bbox 225 955 249 1009; x_wconf 93' lang='lat' dir='ltr'>ei</span> <span class='ocrx_word' id='word_1_52' title='bbox 267 956 391 1027; x_wconf 82' lang='lat' dir='ltr'>porrigit,</span> <span class='ocrx_word' id='word_1_53' title='bbox 412 956 461 1009; x_wconf 91' lang='lat' dir='ltr'>ubi</span> <span class='ocrx_word' id='word_1_54' title='bbox 478 956 597 1027; x_wconf 87' lang='lat' dir='ltr'>Psyches</span> <span class='ocrx_word' id='word_1_55' title='bbox 615 974 715 1011; x_wconf 89' lang='lat' dir='ltr'>nomen</span> <span class='ocrx_word' id='word_1_56' title='bbox 733 957 859 1013; x_wconf 89' lang='lat' dir='ltr'>contine-</span> 
     </span>
     <span class='ocr_line' id='line_1_9' title="bbox 83 1045 957 1123; baseline 0.002 -23"><span class='ocrx_word' id='word_1_57' title='bbox 83 1047 164 1100; x_wconf 82' lang='lat' dir='ltr'>batur</span> <span class='ocrx_word' id='word_1_58' title='bbox 181 1053 209 1100; x_wconf 90' lang='lat' dir='ltr'>et</span> <span class='ocrx_word' id='word_1_59' title='bbox 227 1052 325 1100; x_wconf 86' lang='lat' dir='ltr'>cetera.</span> <span class='ocrx_word' id='word_1_60' title='bbox 346 1063 400 1116; x_wconf 87' lang='lat' dir='ltr'>quo</span> <span class='ocrx_word' id='word_1_61' title='bbox 418 1045 491 1100; x_wconf 83' lang='lat' dir='ltr'>facto</span> <span class='ocrx_word' id='word_1_62' title='bbox 510 1047 635 1116; x_wconf 88' lang='lat' dir='ltr'>protinus</span> <span class='ocrx_word' id='word_1_63' title='bbox 647 1047 758 1102; x_wconf 88' lang='lat' dir='ltr'>domum</span> <span class='ocrx_word' id='word_1_64' title='bbox 770 1066 857 1102; x_wconf 88' lang='lat' dir='ltr'>seces·</span> <span class='ocrx_word' id='word_1_65' title='bbox 952 1119 957 1123; x_wconf 90' lang='lat'><em>.</em></span> 
     </span>
     <span class='ocr_line' id='line_1_10' title="bbox 84 1135 911 1209; baseline 0.006 -19"><span class='ocrx_word' id='word_1_66' title='bbox 84 1136 129 1191; x_wconf 86' lang='lat' dir='ltr'>sit.</span> <span class='ocrx_word' id='word_1_67' title='bbox 166 1153 216 1190; x_wconf 91' lang='lat' dir='ltr'>nec</span> <span class='ocrx_word' id='word_1_68' title='bbox 234 1135 387 1190; x_wconf 87' lang='lat' dir='ltr'>Mercurius</span> <span class='ocrx_word' id='word_1_69' title='bbox 405 1136 497 1190; x_wconf 85' lang='lat' dir='ltr'>omisit</span> <span class='ocrx_word' id='word_1_70' title='bbox 519 1137 695 1206; x_wconf 67' lang='lat' dir='ltr'>obsequium</span> <span class='ocrx_word' id='word_1_71' title='bbox 726 1155 789 1192; x_wconf 89' lang='lat' dir='ltr'>nam</span> <span class='ocrx_word' id='word_1_72' title='bbox 811 1155 860 1209; x_wconf 88' lang='lat' dir='ltr'>per</span> <span class='ocrx_word' id='word_1_73' title='bbox 893 1146 911 1196; x_wconf 81' lang='grc'>8</span> 
     </span>
     <span class='ocr_line' id='line_1_11' title="bbox 84 1225 858 1297; baseline 0.003 -17"><span class='ocrx_word' id='word_1_74' title='bbox 84 1225 206 1280; x_wconf 88' lang='lat' dir='ltr'>omnium</span> <span class='ocrx_word' id='word_1_75' title='bbox 218 1243 266 1280; x_wconf 88' lang='lat' dir='ltr'>ora</span> <span class='ocrx_word' id='word_1_76' title='bbox 278 1226 442 1297; x_wconf 90' lang='lat' dir='ltr'>populorum</span> <span class='ocrx_word' id='word_1_77' title='bbox 452 1227 554 1297; x_wconf 90' lang='lat' dir='ltr'>passim</span> <span class='ocrx_word' id='word_1_78' title='bbox 564 1227 718 1283; x_wconf 86' lang='lat' dir='ltr'>discurrens</span> <span class='ocrx_word' id='word_1_79' title='bbox 730 1229 768 1283; x_wconf 88' lang='lat' dir='ltr'>sic</span> <span class='ocrx_word' id='word_1_80' title='bbox 780 1246 858 1282; x_wconf 90' lang='lat' dir='ltr'>man·</span> 
     </span>
     <span class='ocr_line' id='line_1_12' title="bbox 84 1316 858 1389; baseline 0.004 -18"><span class='ocrx_word' id='word_1_81' title='bbox 84 1317 163 1371; x_wconf 88' lang='lat' dir='ltr'>datae</span> <span class='ocrx_word' id='word_1_82' title='bbox 188 1316 399 1386; x_wconf 78' lang='lat' dir='ltr'>praedicationis</span> <span class='ocrx_word' id='word_1_83' title='bbox 421 1334 521 1370; x_wconf 89' lang='lat' dir='ltr'>munus</span> <span class='ocrx_word' id='word_1_84' title='bbox 545 1318 730 1387; x_wconf 82' lang='lat' dir='ltr'>exequebatur</span> <span class='ocrx_word' id='word_1_85' title='bbox 763 1316 858 1389; x_wconf 89' lang='lat' dir='ltr'>‘siquis</span> 
     </span>
     <span class='ocr_line' id='line_1_13' title="bbox 83 1404 859 1480; baseline 0.004 -20"><span class='ocrx_word' id='word_1_86' title='bbox 83 1424 100 1461; x_wconf 91' lang='lat' dir='ltr'>a</span> <span class='ocrx_word' id='word_1_87' title='bbox 117 1404 182 1475; x_wconf 79' lang='lat' dir='ltr'>iuga</span> <span class='ocrx_word' id='word_1_88' title='bbox 199 1406 337 1460; x_wconf 89' lang='lat' dir='ltr'>retrahere</span> <span class='ocrx_word' id='word_1_89' title='bbox 355 1406 400 1460; x_wconf 89' lang='lat' dir='ltr'>uel</span> <span class='ocrx_word' id='word_1_90' title='bbox 414 1406 547 1462; x_wconf 86' lang='lat' dir='ltr'>occultam</span> <span class='ocrx_word' id='word_1_91' title='bbox 560 1407 746 1463; x_wconf 87' lang='lat' dir='ltr'>demonstrare</span> <span class='ocrx_word' id='word_1_92' title='bbox 758 1410 859 1480; x_wconf 89' lang='lat' dir='ltr'>poterit</span> 
     </span>
    </p>

    <p class='ocr_par' dir='ltr' id='par_1_6' title="bbox 49 1495 860 1929">
     <span class='ocr_line' id='line_1_14' title="bbox 49 1495 857 1566; baseline 0.004 -15"><span class='ocrx_word' id='word_1_93' title='bbox 49 1512 63 1551; x_wconf 84' lang='lat'><strong>5</strong></span> <span class='ocrx_word' id='word_1_94' title='bbox 83 1496 228 1566; x_wconf 76' lang='lat' dir='ltr'>fugitiuam</span> <span class='ocrx_word' id='word_1_95' title='bbox 246 1497 319 1566; x_wconf 79' lang='lat' dir='ltr'>regis</span> <span class='ocrx_word' id='word_1_96' title='bbox 337 1495 434 1561; x_wconf 87' lang='lat' dir='ltr'>filiam,</span> <span class='ocrx_word' id='word_1_97' title='bbox 454 1497 569 1551; x_wconf 82' lang='lat' dir='ltr'>Veneris</span> <span class='ocrx_word' id='word_1_98' title='bbox 587 1499 728 1565; x_wconf 84' lang='lat' dir='ltr'>ancillam,</span> <span class='ocrx_word' id='word_1_99' title='bbox 748 1499 857 1554; x_wconf 91' lang='lat' dir='ltr'>nomine</span> 
     </span>
     <span class='ocr_line' id='line_1_15' title="bbox 83 1586 860 1657; baseline 0.006 -17"><span class='ocrx_word' id='word_1_100' title='bbox 83 1587 223 1657; x_wconf 90' lang='lat' dir='ltr'>Psychen,</span> <span class='ocrx_word' id='word_1_101' title='bbox 250 1586 397 1641; x_wconf 84' lang='lat' dir='ltr'>conueniat</span> <span class='ocrx_word' id='word_1_102' title='bbox 418 1594 490 1642; x_wconf 86' lang='lat' dir='ltr'>retro</span> <span class='ocrx_word' id='word_1_103' title='bbox 508 1595 595 1642; x_wconf 88' lang='lat' dir='ltr'>metas</span> <span class='ocrx_word' id='word_1_104' title='bbox 613 1588 731 1644; x_wconf 89' lang='lat' dir='ltr'>Murtias</span> <span class='ocrx_word' id='word_1_105' title='bbox 748 1589 860 1645; x_wconf 89' lang='lat' dir='ltr'>Mercu·</span> 
     </span>
     <span class='ocr_line' id='line_1_16' title="bbox 83 1677 857 1748; baseline 0.004 -16"><span class='ocrx_word' id='word_1_106' title='bbox 83 1678 155 1732; x_wconf 89' lang='lat' dir='ltr'>rium</span> <span class='ocrx_word' id='word_1_107' title='bbox 171 1677 394 1748; x_wconf 82' lang='lat' dir='ltr'>praedicatorem,</span> <span class='ocrx_word' id='word_1_108' title='bbox 415 1686 574 1748; x_wconf 87' lang='lat' dir='ltr'>accepturus</span> <span class='ocrx_word' id='word_1_109' title='bbox 592 1679 729 1734; x_wconf 85' lang='lat' dir='ltr'>iudiciuae</span> <span class='ocrx_word' id='word_1_110' title='bbox 748 1680 857 1735; x_wconf 89' lang='lat' dir='ltr'>nomine</span> 
     </span>
     <span class='ocr_line' id='line_1_17' title="bbox 83 1767 859 1838; baseline 0.006 -18"><span class='ocrx_word' id='word_1_111' title='bbox 83 1768 118 1822; x_wconf 91' lang='lat' dir='ltr'>ab</span> <span class='ocrx_word' id='word_1_112' title='bbox 134 1768 194 1838; x_wconf 92' lang='lat' dir='ltr'>ipsa</span> <span class='ocrx_word' id='word_1_113' title='bbox 207 1767 312 1822; x_wconf 86' lang='lat' dir='ltr'>Venere</span> <span class='ocrx_word' id='word_1_114' title='bbox 330 1774 433 1838; x_wconf 87' lang='lat' dir='ltr'>septem</span> <span class='ocrx_word' id='word_1_115' title='bbox 446 1769 523 1823; x_wconf 89' lang='lat' dir='ltr'>sauia</span> <span class='ocrx_word' id='word_1_116' title='bbox 536 1770 631 1824; x_wconf 88' lang='lat' dir='ltr'>suauia</span> <span class='ocrx_word' id='word_1_117' title='bbox 642 1776 670 1824; x_wconf 91' lang='lat' dir='ltr'>et</span> <span class='ocrx_word' id='word_1_118' title='bbox 680 1787 767 1824; x_wconf 89' lang='lat' dir='ltr'>unum</span> <span class='ocrx_word' id='word_1_119' title='bbox 777 1771 859 1825; x_wconf 91' lang='lat' dir='ltr'>blan·</span> 
     </span>
     <span class='ocr_line' id='line_1_18' title="bbox 84 1856 713 1929; baseline 0 -17"><span class='ocrx_word' id='word_1_120' title='bbox 84 1858 184 1912; x_wconf 85' lang='lat' dir='ltr'>dientia</span> <span class='ocrx_word' id='word_1_121' title='bbox 203 1857 319 1928; x_wconf 89' lang='lat' dir='ltr'>adpulsu</span> <span class='ocrx_word' id='word_1_122' title='bbox 336 1856 446 1928; x_wconf 81' lang='lat' dir='ltr'>linguae</span> <span class='ocrx_word' id='word_1_123' title='bbox 463 1860 545 1929; x_wconf 82' lang='lat' dir='ltr'>longe</span> <span class='ocrx_word' id='word_1_124' title='bbox 564 1858 713 1914; x_wconf 90' lang='lat' dir='ltr'>mellitum&#39;.</span> 
     </span>
    </p>

    <p class='ocr_par' dir='ltr' id='par_1_7' title="bbox 33 1948 859 2381">
     <span class='ocr_line' id='line_1_19' title="bbox 33 1948 859 2020; baseline 0.01 -22"><span class='ocrx_word' id='word_1_125' title='bbox 33 1958 63 1998; x_wconf 86' lang='lat'>10</span> <span class='ocrx_word' id='word_1_126' title='bbox 135 1948 181 2001; x_wconf 85' lang='lat' dir='ltr'>Ad</span> <span class='ocrx_word' id='word_1_127' title='bbox 196 1948 269 2003; x_wconf 91' lang='lat' dir='ltr'>hunc</span> <span class='ocrx_word' id='word_1_128' title='bbox 286 1948 397 2003; x_wconf 92' lang='lat' dir='ltr'>modum</span> <span class='ocrx_word' id='word_1_129' title='bbox 415 1950 610 2020; x_wconf 87' lang='lat' dir='ltr'>pronuntiante</span> <span class='ocrx_word' id='word_1_130' title='bbox 628 1951 765 2005; x_wconf 90' lang='lat' dir='ltr'>Mercurio</span> <span class='ocrx_word' id='word_1_131' title='bbox 788 1952 859 2006; x_wconf 90' lang='lat' dir='ltr'>tanti</span> 
     </span>
     <span class='ocr_line' id='line_1_20' title="bbox 82 2038 859 2109; baseline 0.004 -17"><span class='ocrx_word' id='word_1_132' title='bbox 82 2038 196 2109; x_wconf 86' lang='lat' dir='ltr'>praemii</span> <span class='ocrx_word' id='word_1_133' title='bbox 218 2038 317 2109; x_wconf 90' lang='lat' dir='ltr'>cupido</span> <span class='ocrx_word' id='word_1_134' title='bbox 341 2040 465 2094; x_wconf 87' lang='lat' dir='ltr'>certatim</span> <span class='ocrx_word' id='word_1_135' title='bbox 487 2039 609 2094; x_wconf 90' lang='lat' dir='ltr'>omnium</span> <span class='ocrx_word' id='word_1_136' title='bbox 626 2040 782 2095; x_wconf 90' lang='lat' dir='ltr'>mortalium</span> <span class='ocrx_word' id='word_1_137' title='bbox 799 2049 859 2096; x_wconf 89' lang='lat' dir='ltr'>stu-</span> 
     </span>
     <span class='ocr_line' id='line_1_21' title="bbox 84 2127 858 2199; baseline 0.005 -17"><span class='ocrx_word' id='word_1_138' title='bbox 84 2127 160 2182; x_wconf 87' lang='lat' dir='ltr'>dium</span> <span class='ocrx_word' id='word_1_139' title='bbox 172 2129 323 2183; x_wconf 82' lang='lat' dir='ltr'>adrexerat.</span> <span class='ocrx_word' id='word_1_140' title='bbox 344 2146 411 2199; x_wconf 90' lang='lat' dir='ltr'>quae</span> <span class='ocrx_word' id='word_1_141' title='bbox 429 2147 473 2183; x_wconf 86' lang='lat' dir='ltr'>res</span> <span class='ocrx_word' id='word_1_142' title='bbox 490 2146 563 2184; x_wconf 88' lang='lat' dir='ltr'>nunc</span> <span class='ocrx_word' id='word_1_143' title='bbox 579 2130 626 2185; x_wconf 92' lang='lat' dir='ltr'>uel</span> <span class='ocrx_word' id='word_1_144' title='bbox 636 2131 753 2185; x_wconf 82' lang='lat' dir='ltr'>maxime</span> <span class='ocrx_word' id='word_1_145' title='bbox 765 2139 858 2186; x_wconf 87' lang='lat' dir='ltr'>sustu·</span> 
     </span>
     <span class='ocr_line' id='line_1_22' title="bbox 82 2218 859 2293; baseline 0.005 -20"><span class='ocrx_word' id='word_1_146' title='bbox 82 2218 115 2273; x_wconf 91' lang='lat' dir='ltr'>lit</span> <span class='ocrx_word' id='word_1_147' title='bbox 131 2218 251 2289; x_wconf 87' lang='lat' dir='ltr'>Psyches</span> <span class='ocrx_word' id='word_1_148' title='bbox 274 2236 382 2274; x_wconf 86' lang='lat' dir='ltr'>omnem</span> <span class='ocrx_word' id='word_1_149' title='bbox 406 2221 616 2275; x_wconf 89' lang='lat' dir='ltr'>cunctationem.</span> <span class='ocrx_word' id='word_1_150' title='bbox 653 2221 760 2293; x_wconf 86' lang='lat' dir='ltr'>iamque</span> <span class='ocrx_word' id='word_1_151' title='bbox 784 2223 859 2277; x_wconf 85' lang='lat' dir='ltr'>iores</span> 
     </span>
     <span class='ocr_line' id='line_1_23' title="bbox 84 2308 857 2381; baseline 0.006 -19"><span class='ocrx_word' id='word_1_152' title='bbox 84 2308 144 2363; x_wconf 86' lang='lat' dir='ltr'>eius</span> <span class='ocrx_word' id='word_1_153' title='bbox 156 2308 281 2363; x_wconf 89' lang='lat' dir='ltr'>dominae</span> <span class='ocrx_word' id='word_1_154' title='bbox 292 2310 457 2381; x_wconf 86' lang='lat' dir='ltr'>proximanti</span> <span class='ocrx_word' id='word_1_155' title='bbox 474 2311 592 2365; x_wconf 89' lang='lat' dir='ltr'>occurrit</span> <span class='ocrx_word' id='word_1_156' title='bbox 608 2329 665 2367; x_wconf 91' lang='lat' dir='ltr'>una</span> <span class='ocrx_word' id='word_1_157' title='bbox 677 2312 711 2366; x_wconf 92' lang='lat' dir='ltr'>de</span> <span class='ocrx_word' id='word_1_158' title='bbox 724 2310 857 2367; x_wconf 81' lang='lat' dir='ltr'>famulitio</span> 
     </span>
    </p>

    <p class='ocr_par' dir='ltr' id='par_1_8' title="bbox 33 2398 858 2564">
     <span class='ocr_line' id='line_1_24' title="bbox 33 2398 857 2474; baseline 0.004 -19"><span class='ocrx_word' id='word_1_159' title='bbox 33 2414 63 2455; x_wconf 82' lang='lat'>15</span> <span class='ocrx_word' id='word_1_160' title='bbox 82 2398 199 2453; x_wconf 85' lang='lat' dir='ltr'>Veneris</span> <span class='ocrx_word' id='word_1_161' title='bbox 223 2400 333 2454; x_wconf 91' lang='lat' dir='ltr'>nomine</span> <span class='ocrx_word' id='word_1_162' title='bbox 357 2399 534 2455; x_wconf 88' lang='lat' dir='ltr'>Consuetudo</span> <span class='ocrx_word' id='word_1_163' title='bbox 557 2402 702 2473; x_wconf 89' lang='lat' dir='ltr'>statimque</span> <span class='ocrx_word' id='word_1_164' title='bbox 726 2411 857 2474; x_wconf 89' lang='lat' dir='ltr'>quantum</span> 
     </span>
     <span class='ocr_line' id='line_1_25' title="bbox 83 2488 858 2564; baseline 0.006 -22"><span class='ocrx_word' id='word_1_165' title='bbox 83 2489 200 2543; x_wconf 81' lang='lat' dir='ltr'>maxime</span> <span class='ocrx_word' id='word_1_166' title='bbox 217 2490 308 2560; x_wconf 92' lang='lat' dir='ltr'>potuit</span> <span class='ocrx_word' id='word_1_167' title='bbox 324 2490 457 2545; x_wconf 85' lang='lat' dir='ltr'>exclamat</span> <span class='ocrx_word' id='word_1_168' title='bbox 472 2488 606 2551; x_wconf 66' lang='lat' dir='ltr'>tandem.</span> <span class='ocrx_word' id='word_1_169' title='bbox 631 2492 728 2547; x_wconf 90' lang='lat' dir='ltr'>ancilla</span> <span class='ocrx_word' id='word_1_170' title='bbox 745 2493 858 2564; x_wconf 91' lang='lat' dir='ltr'>nequis-</span> 
     </span>
    </p>
   </div>
   <div class='ocr_carea' id='block_1_4' title="bbox 81 2639 857 2823">
    <p class='ocr_par' dir='ltr' id='par_1_9' title="bbox 81 2639 857 2823">
     <span class='ocr_line' id='line_1_26' title="bbox 139 2639 856 2693; baseline 0.004 -14"><span class='ocrx_word' id='word_1_171' title='bbox 139 2639 164 2679; x_wconf 83' lang='lat'>17</span> <span class='ocrx_word' id='word_1_172' title='bbox 175 2643 249 2689; x_wconf 73' lang='lat' dir='ltr'>cetera</span> <span class='ocrx_word' id='word_1_173' title='bbox 266 2642 276 2686; x_wconf 93' lang='grc' dir='ltr'>ΙΙ</span> <span class='ocrx_word' id='word_1_174' title='bbox 295 2639 306 2678; x_wconf 86' lang='grc'><strong>7</strong></span> <span class='ocrx_word' id='word_1_175' title='bbox 322 2640 432 2682; x_wconf 80' lang='lat' dir='ltr'>iudiciuae</span> <span class='ocrx_word' id='word_1_176' title='bbox 447 2640 560 2690; x_wconf 76' lang='lat' dir='ltr'>Hauptiua</span> <span class='ocrx_word' id='word_1_177' title='bbox 576 2640 652 2681; x_wconf 84' lang='lat' dir='ltr'>Herm.</span> <span class='ocrx_word' id='word_1_178' title='bbox 663 2640 708 2683; x_wconf 87' lang='lat'>111</span> <span class='ocrx_word' id='word_1_179' title='bbox 717 2654 741 2693; x_wconf 81' lang='lat' dir='ltr'>p.</span> <span class='ocrx_word' id='word_1_180' title='bbox 753 2640 807 2683; x_wconf 73' lang='lat'>345:</span> <span class='ocrx_word' id='word_1_181' title='bbox 821 2642 856 2682; x_wconf 90' lang='lat' dir='ltr'>ln·</span> 
     </span>
     <span class='ocr_line' id='line_1_27' title="bbox 82 2708 857 2765; baseline 0.004 -14"><span class='ocrx_word' id='word_1_182' title='bbox 82 2710 163 2761; x_wconf 70' lang='lat' dir='ltr'>dicluie</span> <span class='ocrx_word' id='word_1_183' title='bbox 173 2710 195 2752; x_wconf 72' lang='lat' dir='ltr'>P</span> <span class='ocrx_word' id='word_1_184' title='bbox 206 2712 337 2757; x_wconf 66' lang='lat' dir='ltr'>indicinaes</span> <span class='ocrx_word' id='word_1_185' title='bbox 357 2708 361 2765; x_wconf 89' lang='grc' dir='ltr'>Ι</span> <span class='ocrx_word' id='word_1_186' title='bbox 380 2710 462 2753; x_wconf 70' lang='lat' dir='ltr'>ischia</span> <span class='ocrx_word' id='word_1_187' title='bbox 480 2708 484 2765; x_wconf 95' lang='grc' dir='ltr'>Ι</span> <span class='ocrx_word' id='word_1_188' title='bbox 504 2713 528 2752; x_wconf 78' lang='lat' dir='ltr'>li</span> <span class='ocrx_word' id='word_1_189' title='bbox 539 2713 648 2754; x_wconf 76' lang='lat' dir='ltr'>famulitio</span> <span class='ocrx_word' id='word_1_190' title='bbox 663 2712 770 2754; x_wconf 72' lang='lat' dir='ltr'>Iahnius:</span> <span class='ocrx_word' id='word_1_191' title='bbox 784 2714 857 2754; x_wconf 80' lang='lat' dir='ltr'>ismu-</span> 
     </span>
     <span class='ocr_line' id='line_1_28' title="bbox 81 2783 158 2823; baseline 0 0"><span class='ocrx_word' id='word_1_192' title='bbox 81 2783 158 2823; x_wconf 84' lang='lat' dir='ltr'>litione</span> 
     </span>
    </p>
   </div>
   <div class='ocr_carea' id='block_1_5' title="bbox 0 0 1127 3370">
    <p class='ocr_par' dir='ltr' id='par_1_10' title="bbox 0 0 1127 3370">
     <span class='ocr_line' id='line_1_29' title="bbox 0 0 1127 3370; baseline 0 0"><span class='ocrx_word' id='word_1_193' title='bbox 0 0 1127 3370; x_wconf 95' lang='lat' dir='ltr'> </span> 
     </span>
    </p>
   </div>
  </div>
 </body>
</html>
