2244 3370
249 258 265 306 6
573 270 692 310 sevnnu

204 351 234 392 1v

248 428 368 475 sorores,
392 428 505 481 quarum
523 418 701 482 temperatam
719 411 935 467 formonsitatem
953 414 1021 468 nulli

249 500 420 554 diffamarant
436 501 538 572 populi,
562 501 652 572 procis
669 501 780 571 regibus
798 503 948 574 desponsae
967 504 1021 557 iam

247 592 340 645 beatas
358 591 466 661 nuptias
484 592 598 662 adeptae
617 599 694 657 sunt3
717 592 822 662 Psyche
841 593 918 661 uirgo
937 593 1021 647 uidua
1042 603 1071 644 lo
1115 588 1116 593 ’

249 681 322 735 domi
340 681 462 735 residens
481 680 564 734 deflet
582 681 716 736 desertam
734 699 812 736 suam
832 682 1018 746 solitudinem,

248 787 328 838 aegra
345 771 473 842 eorporis,
494 772 577 824 animi
596 773 696 837 saucia,
718 779 745 825 et
757 773 880 843 quamuis
892 773 1021 841 gentibus

155 860 157 871 ⁴
248 860 313 914 totis
338 861 525 931 complacitam
550 861 608 915 odit
631 862 660 915 in
685 880 713 916 se
741 879 817 924 suam
844 862 1021 917 formonsita-

175 936 177 940 ¹
248 958 311 1007 tem.
339 951 376 1005 sio
394 951 654 1006 infortunatissimae
672 953 743 1006 filiae
761 952 926 1006 miserrimus
944 961 1021 1023 pater

248 1041 409 1112 suspectatis
428 1041 587 1096 caelestibus
605 1042 675 1096 odiis
694 1050 721 1095 et
738 1042 794 1096 irae
812 1060 939 1112 superum
961 1061 1021 1098 me·
1042 1049 1072 1091 1⁵

247 1138 327 1185 tuens
346 1131 390 1185 dei
408 1131 509 1185 Milesii
528 1132 741 1185 uetustissimum
762 1139 937 1204 percontatur
959 1151 1022 1187 ora-

247 1221 337 1275 culum
355 1229 382 1275 et
398 1222 475 1275 litato
495 1222 606 1275 numine
618 1222 744 1293 precibus
758 1230 786 1275 et
797 1222 915 1276 uictimis
927 1223 1020 1292 ingra-
1113 1216 1116 1349 1

246 1318 290 1365 tae
308 1312 408 1381 uirgini
425 1312 494 1382 petit
512 1312 621 1383 nuptias
640 1320 667 1365 et
685 1313 821 1365 maritum.
850 1313 900 1366 sed
910 1313 1017 1383 Apollo,

247 1419 410 1472 quamquam
430 1401 549 1456 Graecus
568 1410 596 1455 et
615 1402 740 1459 Ionicus.
765 1410 876 1473 propter
898 1402 1019 1457 milesiae

248 1492 416 1545 conditorem
433 1493 471 1546 sic
489 1492 587 1546 Latina
605 1499 677 1546 sorte
696 1492 849 1563 respondit:
1040 1492 1071 1533 ²⁰

199 1598 231 1650 33
290 1615 371 1656 Montis
381 1616 403 1655 in
414 1616 494 1656 sxaelsi
503 1616 593 1665 seopulo
603 1621 628 1656 tu
637 1617 689 1657 siste
699 1616 794 1666 puellam

327 1692 425 1728 ornatam
436 1688 517 1728 mundo
527 1688 612 1728 funerei
622 1689 721 1728 thalami.

288 1772 326 1801 neo
337 1771 409 1811 speres
419 1771 522 1811 generum
532 1760 618 1800 mortali
629 1761 695 1810 stirpe
705 1764 810 1809 creatum,
861 1774 866 1779 ·

328 1833 366 1872 sed
376 1843 466 1872 saeuum
477 1836 542 1882 atque
553 1831 621 1871 terum
631 1833 787 1882 uipereumque
798 1833 886 1882 malum,

288 1906 326 1955 qui
336 1904 407 1955 pinnis
418 1903 512 1944 uolitans
523 1915 587 1953 super
597 1905 686 1944 aethera
695 1911 774 1945 cuneta
783 1904 870 1956 fatigat,
1044 1920 1057 1959 5

328 1978 456 2027 flammaque
467 1980 490 2016 et
499 1977 555 2016 ferro
565 1975 651 2027 singula
660 1975 770 2026 debilitat,

302 2195 327 2235 10
343 2195 435 2243 adeptae
449 2197 502 2233 sunt
516 2193 644 2233 Michaelis:
664 2194 755 2244 adeptae
769 2195 807 2234 sed
821 2193 843 2233 F
857 2198 908 2235 sunt
927 2195 1021 2243 adeptae

246 2267 301 2313 sads
312 2264 316 2319 Ι
328 2267 376 2306 uiro
382 2265 557 2306 Elmenhorstiue
568 2264 572 2312 Ι
585 2263 610 2305 12
617 2265 694 2306 animis
702 2266 793 2305 audacia
805 2262 809 2316 Ι
823 2266 1021 2316 i3oditipsasuam

248 2339 363 2379 Michaelis
375 2335 379 2390 Ι
394 2339 417 2377 ti
426 2339 465 2378 sed
475 2347 487 2383 ς
498 2333 502 2389 Ι
515 2338 541 2377 15
550 2338 665 2378 celestibus
677 2334 681 2389 Ι
696 2337 719 2377 16
730 2338 815 2378 mileisri
833 2336 837 2387 Ι
853 2338 879 2378 17
890 2339 953 2378 litato
963 2337 1021 2378 Iau-

246 2411 297 2451 m'us
307 2411 385 2460 philol.
406 2408 488 2449 xm·
498 2421 524 2459 p.
539 2407 567 2448 6.·
587 2414 649 2449 tanto
663 2409 684 2450 F
701 2415 791 2452 stante
811 2409 914 2450 Prieam
932 2414 1019 2450 tentato

247 2482 351 2523 Horisius
358 2482 436 2531 philol.
450 2481 552 2531 xrrlp.
564 2482 602 2522 178
621 2478 625 2532 Ι
644 2482 729 2533 ingrate
745 2481 750 2529 Ι
769 2482 793 2523 19
803 2483 904 2532 quanns
915 2482 1012 2534 greeusll

248 2557 258 2596 1
269 2556 347 2596 exelsis
357 2555 378 2595 F
389 2566 399 2595 s
410 2555 477 2602 dei!
490 2549 495 2605 Ι
512 2561 537 2593 tn
547 2553 599 2593 siste
609 2542 715 2595 Iahnius:
734 2570 797 2590 sssss
800 2554 840 2595 iste
851 2552 872 2593 F
884 2554 977 2594 subsiste
988 2553 1020 2601 f*

247 2628 316 2668 existe
327 2637 343 2675 φ
355 2627 434 2668 desiste
444 2626 508 2677 ariao
520 2622 524 2677 Ι
536 2624 549 2666 l
559 2627 635 2666 funere
646 2611 744 2666 ithslami
755 2625 860 2674 seems
868 2623 872 2676 Ι
884 2625 1021 2675 3spereso':

246 2700 314 2749 sper&
323 2698 364 2750 Fa
377 2696 381 2751 Ι
393 2699 478 2740 mortali
490 2696 530 2747 p‘:
541 2699 628 2738 maroeli
639 2696 680 2746 so
692 2694 696 2748 Ι
708 2699 720 2738 4
730 2699 801 2748 ferum
814 2697 817 2745 Ι
830 2697 926 2752 bngr
936 2696 991 2752 (Μ’
1004 2697 1009 2746 Ι

247 2772 357 2813 deseonla
368 2771 473 2812 Heinsius
483 2771 542 2820 apud
552 2770 701 2810 normannum
711 2770 794 2809 anthol.
806 2768 857 2810 Lat.
869 2769 919 2819 ΙΙΙ,
934 2768 971 2809 174
