2244 3370
246 214 261 262 2
572 225 691 265 navnnn

199 312 229 353 Π
247 365 353 419 sidente
371 374 402 418 ut
420 365 505 435 ipsam
522 383 633 436 prorsus
651 367 729 420 deam
741 365 875 421 Venerem
887 366 1023 435 religiosis

247 455 452 509 adorationibus
465 474 505 508 ιι.
545 456 652 526 iamque
675 455 810 526 proximas
839 456 962 510 ciuitates
994 465 1023 510 et

248 545 365 616 attiguas
388 546 514 615 regiones
538 545 609 599 fama
632 553 791 616 peruaserat
815 546 908 611 deam,
939 564 1021 616 quam
1045 559 1077 600 ιε»

248 635 384 689 caerulum
407 636 574 705 profundum
597 636 686 706 pelagi
709 636 814 707 peperit
836 644 864 690 et
887 654 932 690 ros
956 653 1020 706 spu-

248 724 380 778 mantium
408 724 542 779 flnctuum
572 726 716 790 educauit,
746 727 800 779 ianr
828 726 947 780 numinis
978 727 1022 780 sui
1108 700 1109 785 Ι

247 816 347 885 passim
364 816 468 870 tributa
486 816 567 869 uenia
584 815 612 870 in
630 817 727 871 mediis
745 817 902 871 conuersari
926 816 1021 887 populi

248 905 380 971 coetibus,
400 906 445 960 uel
464 914 536 960 certe
553 924 662 978 rursum
680 925 752 960 nono
765 907 922 962 caelestium
934 906 1021 961 stilla-

248 1014 308 1049 rum
320 997 441 1066 germine
454 1015 508 1050 non
522 997 616 1063 maria,
636 997 685 1051 sed
696 1005 781 1051 terras
793 997 927 1050 Venerem
941 996 1022 1049 aliam
1042 1012 1076 1055 20

198 1090 230 1141 29
248 1085 374 1155 uirginali
386 1085 453 1140 flora
464 1087 614 1157 praeditam
626 1087 782 1158 pullulasse.
809 1087 847 1141 sic
858 1086 1021 1140 immensum

248 1176 372 1246 procedit
388 1177 417 1230 in
436 1177 494 1231 dies
513 1177 615 1247 opinio,
636 1177 674 1231 sic
692 1176 795 1231 insulas
810 1176 864 1230 iam
875 1193 1021 1247 proxumas

249 1273 277 1320 et
294 1274 381 1320 terrae
399 1266 553 1337 plusculum
570 1266 778 1337 prouinciasque
799 1265 928 1336 plurimas
950 1264 1022 1317 fama
1072 1260 1076 1267 ’

249 1365 372 1427 porrecta
388 1363 561 1427 peruagatur.
592 1356 646 1410 iam
664 1355 743 1409 multi
761 1355 914 1409 mortalium
931 1353 1022 1423 longis

248 1446 392 1500 itineribus
409 1453 492 1517 atque
509 1445 647 1499 altissimis
664 1445 745 1499 maris
763 1446 898 1500 meatibus
913 1445 948 1499 ad
960 1462 1021 1498 saa-
1042 1460 1057 1500 5

250 1535 304 1590 culi
334 1537 469 1606 specimen
498 1536 646 1606 gloriosum
675 1535 859 1591 confluebant.
907 1535 1022 1607 Paphon

251 1645 340 1693 nemo,
354 1626 462 1681 Cnidon
476 1644 565 1692 nemo,
580 1644 611 1680 ac
622 1644 656 1681 ne
669 1626 728 1697 ipsa
739 1626 849 1698 quidem
857 1625 974 1697 Cythera
987 1626 1023 1681 ad

249 1727 422 1789 conspectum
440 1717 506 1771 deae
524 1717 637 1772 Veneris
655 1716 830 1788 nauigabant.
867 1733 944 1769 sacra
961 1715 1022 1769 diae

248 1814 464 1878 praetereuntur,
476 1806 575 1878 templa
587 1807 784 1872 deformantur,
794 1806 949 1878 puluinaria
959 1823 1022 1876 per-

250 1906 385 1961 teruntur,
406 1897 584 1954 caerimoniae
596 1898 788 1969 negleguntur,
808 1897 967 1950 incoronata
984 1893 1022 1947 si·
1044 1909 1076 1951 ιο
1111 1906 1112 1953 l

250 1988 369 2042 mulacra
392 1995 420 2042 et
442 2005 504 2041 arae
528 1988 628 2042 uiduae
651 1981 754 2057 frigido
777 1986 866 2041 cinere
885 1985 1020 2040 foedatae.

250 2077 356 2148 puellae
380 2077 546 2148 supplicatur
569 2085 596 2130 et
619 2077 648 2130 in
670 2077 796 2132 humanis
814 2076 937 2130 uultibus
956 2075 1023 2129 dese

309 2290 423 2331 reuertere
433 2291 479 2341 ,Ιφι
493 2302 585 2332 uenere»
597 2290 909 2334 Fuenersbnnturllicboela'a
921 2285 925 2342 Ι
939 2288 1024 2330 14ιιᾱο-

251 2362 373 2403 ratiombus
383 2362 423 2412 ra
445 2364 559 2410 crederent
573 2374 680 2413 ruperam.
693 2361 724 2412 s·
753 2363 914 2403 adorationibus
929 2372 1024 2403 uenam·

253 2437 333 2475 bantur
341 2434 406 2485 uulgo
424 2429 428 2486 Ι
440 2435 520 2475 cluitas
530 2433 551 2473 F
558 2446 615 2475 corr.
626 2434 658 2474 ΡΙ
671 2432 676 2487 Ι
696 2434 719 2474 19
729 2435 814 2475 cetibus
826 2431 831 2486 Ι
842 2445 900 2474 nouo
910 2432 954 2484 s':
965 2444 1024 2474 noua

252 2506 293 2557 Fp
309 2503 314 2558 Ι
329 2506 437 2546 stillarum
454 2506 561 2547 Iahnius:
580 2507 691 2548 stellarum
710 2509 720 2553 ΙΙ
744 2506 753 2545 1
773 2506 796 2546 ln
817 2506 945 2546 immensum
961 2503 1012 2555 ,ΙἸ

253 2579 360 2620 icltbera
380 2577 385 2629 Ι
403 2577 461 2618 8die
478 2575 483 2632 Ι
501 2579 690 2629 llprmtereuntur
705 2577 859 2619 Hildsbroud:
874 2576 989 2629 pleruntur
1008 2571 1013 2628 Ι

253 2651 375 2692 deformant
391 2650 396 2701 Ι
412 2656 553 2700 pertemntur
567 2648 719 2692 Hildsbraud:
740 2646 830 2701 pserunt
845 2649 867 2690 ΙΙ
883 2653 1025 2699 proteruntur

255 2714 418 2775 cursam
430 2721 434 2772 ι
448 2722 473 2764 ιι
483 2722 599 2763 scamonia
612 2720 616 2773 ι
630 2722 652 2762 ιι
664 2722 739 2772 sauata
751 2721 756 2773 ι
769 2720 795 2762 ιι
805 2721 878 2772 paens
