2244 3370
250 243 282 291 30
574 249 693 289 Arvnun

212 342 230 381 V
251 393 302 447 bus
320 392 465 446 roboratur
482 398 510 444 et
527 391 632 460 prolata
649 390 760 444 lucerne
774 396 802 442 et
813 390 927 459 adrepta
938 406 1027 442 noua-

250 481 311 536 cula
335 499 429 536 sexum
453 480 567 535 audacis
589 488 718 535 mutatur.
757 479 805 533 sed
823 497 885 533 cum
908 479 1028 549 primum

249 572 359 626 luminis
383 570 521 625 oblatione
544 571 598 624 tori
623 578 726 624 secreta
751 569 921 633 claruerunt,
948 569 1029 622 uidet
1064 588 1076 625 5

250 663 371 716 omnium
394 662 510 715 ferarum
535 660 704 714 mitissimam
722 658 959 728 dulcissimamque
976 659 1028 712 be-

251 753 343 816 stiam,
367 751 456 821 ipsum
479 751 556 804 illum
575 750 737 820 Cupidinem
756 749 927 802 formonsum
945 749 1029 803 deum

251 842 388 895 formonse
407 840 561 905 cubantem,
587 841 663 894 ouius
681 846 793 910 aspectu
809 838 938 893 lucernae
957 857 1029 908 quo·

250 950 302 1001 que
319 930 412 985 lumen
430 931 574 985 hilaratum
591 929 742 984 increbruit
759 937 787 981 et
797 928 930 983 acuminis
943 930 1028 983 sacri-

250 1022 304 1090 legi
322 1021 456 1075 nouacula
478 1021 657 1091 praenitebat.
695 1027 723 1073 at
740 1036 806 1073 uero
824 1018 929 1089 Psyche
946 1026 1028 1073 tanto
1049 1035 1075 1075 lo

250 1120 361 1182 aspectu
377 1110 507 1165 deterrito
524 1117 551 1163 et
568 1110 656 1179 impos
673 1109 765 1173 animi,
785 1109 905 1163 marcido
922 1109 1028 1179 pallore

251 1201 358 1256 defecto
381 1209 554 1269 tremensque
578 1199 684 1254 desedit
710 1198 739 1252 in
764 1199 833 1255 imos
856 1198 975 1270 poplites
1000 1207 1028 1253 et

249 1275 351 1346 ferrum
369 1291 475 1360 quaerit
495 1289 678 1354 abscondere,
705 1289 754 1343 sed
776 1289 805 1342 in
830 1307 880 1343 suo
903 1296 1025 1359 pectore.

249 1381 323 1451 quod
339 1381 464 1451 profecto
482 1379 606 1444 fecisset,
633 1379 686 1433 nisi
708 1379 809 1435 ferrum
833 1379 930 1432 timore
953 1380 1027 1433 tanti

249 1471 344 1541 flagitii
373 1470 499 1523 manibus
528 1469 678 1524 temerariis
707 1468 848 1540 delapsum
877 1468 1023 1522 euolasset.
1049 1484 1075 1522 15

249 1562 355 1630 iamque
373 1559 457 1624 lassa,
481 1559 567 1613 salute
587 1559 707 1624 defecta,
728 1559 794 1614 dum
812 1559 918 1630 saepius
937 1559 1028 1615 diuini

249 1652 342 1707 uultus
360 1651 482 1705 intuetur
502 1649 745 1719 pulchritudinem,
770 1656 907 1703 recreatur
929 1649 1024 1703 animi.

249 1741 326 1796 uidet
349 1740 443 1811 capitis
465 1740 540 1794 aurei
563 1739 697 1808 genialem
721 1739 867 1793 caesariem
890 1739 1028 1794 ambrosia
1111 1760 1112 1811 Ι

204 1866 208 1875 ·
249 1831 438 1895 temulentam,
463 1830 583 1885 ceruices
600 1829 701 1883 lacteas
720 1845 856 1898 genasque
875 1846 1027 1900 purpureas
1111 1830 1112 1887 l

248 1929 418 1993 pererrantes
442 1919 557 1974 crinium
584 1919 681 1989 globos
705 1918 840 1972 decoriter
866 1918 1024 1988 impeditos,
1047 1937 1076 1979 20
1111 1894 1112 1949 i

249 2012 317 2066 alios
334 2010 547 2081 antependulos,
573 2009 639 2063 alios
661 2008 883 2080 retropendulos,
908 2025 1026 2077 quorum

250 2101 392 2171 splendore
417 2098 501 2153 nimio
525 2099 681 2168 fulgurante
705 2099 758 2152 iam
780 2106 808 2153 et
824 2098 913 2169 ipsum
931 2098 1026 2153 lumen
1111 2130 1112 2135 =

249 2193 375 2245 lucernae
394 2188 547 2244 uacillsbat.
570 2205 619 2257 per
635 2205 744 2242 umeros
761 2188 881 2243 uolatilis
899 2188 943 2242 dei
961 2189 1025 2259 pin-

250 2298 300 2334 nae
324 2279 445 2333 roscidae
468 2278 579 2332 micanti
603 2278 670 2332 flore
694 2278 839 2332 candicant
855 2286 884 2332 et
900 2279 1026 2347 quamuis

250 2371 299 2424 alis
322 2367 524 2439 quiescentibus
553 2368 669 2422 extimae
691 2367 827 2438 plumulae
852 2367 968 2422 tenellae
992 2386 1024 2423 ao
1045 2384 1074 2425 25

924 2492 932 2515 Ι

303 2535 429 2576 lmutatur
442 2533 551 2577 loliatus:
571 2533 657 2576 mutati
672 2533 708 2583 rc
727 2534 821 2575 mutauit
835 2532 868 2583 Γ
888 2530 893 2586 Ι
914 2533 925 2573 7
942 2534 1025 2575 formo-

249 2606 330 2656 sums‘
348 2605 352 2659 Ι
371 2606 480 2655 Slucerne
497 2610 502 2659 Ι
523 2606 546 2648 13
557 2606 629 2658 querit
646 2603 650 2659 Ι
671 2606 695 2646 15
706 2605 824 2647 temerariis
835 2606 882 2654 sp:
896 2607 1023 2658 temerarii!

250 2679 275 2720 16
286 2680 357 2730 sepius
374 2676 378 2732 Ι
401 2679 425 2720 18
436 2680 529 2731 genilem
538 2679 640 2720 cesariem
651 2687 658 2700 ·
670 2677 797 2718 ambrosium
815 2674 819 2726 Ι
840 2675 866 2717 23
877 2677 996 2720 bocillabut
1006 2677 1028 2719 1l

249 2763 305 2792 corr.
312 2751 341 2801 J·
354 2750 358 2804 Ι
370 2749 397 2792 rt
406 2752 489 2792 roscide
501 2747 505 2803 1
518 2749 544 2792 2⁶
554 2750 602 2791 slils

177 3006 895 3330 ΠΛ
