2244 3370
252 212 285 262 54
576 223 697 263 arrisu

204 306 234 348 vl
253 365 332 418 niuae
351 363 461 433 uigiliae
480 363 629 419 luminibus
646 363 761 418 addictis
780 371 808 418 et
824 364 854 418 in
866 373 1049 441 perpetuam⁸

252 454 340 508 lucem
357 453 469 526 pupulis
481 454 688 509 excubantibus.
720 454 827 525 iamque
840 463 869 509 et
880 456 957 526 ipsae
969 474 1032 509 me-

252 552 310 598 tum
333 544 482 599 iniciebant
503 544 611 598 uocales
628 562 722 615 aquae.
761 562 823 598 nam
848 552 877 599 et
894 544 1030 600 ‘discede’
1055 555 1080 593 ii

252 641 281 688 et
295 632 373 705 ‘quid
384 634 471 689 facis‘l
487 630 559 688 uide'
579 641 607 688 et
621 632 700 705 ‘quid
711 636 787 704 agis?
804 632 878 689 caue‘
898 643 927 689 et
942 633 1028 706 ‘iuge’

252 733 280 778 et
298 721 420 794 ‘peribis'
446 724 561 778 subinde
585 724 710 778 clamant.
749 724 786 779 sio
807 725 1030 795 impossibilitate

253 815 311 885 ipsa
328 821 433 868 mutata
450 815 480 867 in
498 814 615 884 lapidem
627 815 733 885 Psyche
751 816 877 886 quamuis
888 819 1030 886 praesenti

253 922 363 976 corpore
381 904 507 958 sensibus
530 913 622 958 tamen
645 906 752 969 aberat,
778 913 807 959 et
829 905 1029 961 inextricabilis

251 994 365 1066 periculi
388 994 458 1048 mola
481 1013 590 1066 prorsus
612 996 710 1049 obruta
735 995 914 1073 lacrumarum
945 998 1030 1052 etiam
1048 1004 1077 1044 ’20

204 1086 235 1136 15
253 1093 373 1139 extremo
392 1085 492 1140 solacio
510 1086 627 1139 carebat.
659 1103 710 1140 nec
725 1085 919 1140 Prouidentiae
937 1088 1029 1142 bonae

253 1193 352 1245 graues
369 1175 463 1229 oeulos
479 1175 635 1231 innocentis
653 1176 758 1230 animae
781 1176 862 1230 latuit
885 1195 1026 1232 aerumna.

253 1283 317 1319 nam
335 1266 431 1338 optimi
442 1266 517 1320 louis
534 1266 633 1335 regalis
650 1267 706 1320 ales
723 1266 769 1320 illa
783 1275 895 1337 repente
907 1285 1029 1339 propan-

253 1356 291 1410 sis
308 1357 445 1426 utrimque
465 1355 558 1427 pinnis
576 1356 655 1410 alluit
673 1374 755 1428 rapax
766 1357 857 1427 aquila
868 1375 1028 1429 memorque

254 1446 355 1501 ueteris
366 1446 500 1516 obsequii,
518 1464 573 1517 quo
586 1447 670 1500 duotu
682 1447 827 1517 Cupidinis
838 1448 900 1501 Ioui
913 1449 1029 1520 pocilla-
1048 1462 1060 1499 a

172 1571 174 1575 .
254 1545 341 1591 torem
364 1536 514 1608 Phrygium
538 1537 700 1601 sustulerat,
734 1545 914 1608 opportunam
935 1539 1028 1593 ferens

254 1645 333 1698 opem
352 1626 449 1698 deique
467 1644 569 1680 numen
586 1627 615 1680 in
629 1627 720 1681 uxoris
732 1626 871 1682 laboribus
882 1630 1028 1699 percolens

254 1717 302 1771 alti
320 1717 446 1771 culminis
464 1716 549 1771 diales
567 1717 626 1772 uias
645 1718 755 1782 deserit,
775 1726 805 1772 et
821 1718 856 1772 cb
875 1736 906 1771 os
918 1720 1028 1789 puellae

254 1809 415 1878 praeuolans
433 1808 529 1879 incipit
555 1804 594 1861 ‘at
611 1816 641 1862 tu
659 1808 774 1879 simplex
791 1808 912 1878 alioquin
931 1818 959 1862 et
977 1828 1028 1864 ex·
1106 1822 1107 1825 ’

253 1915 316 1968 pers
333 1915 424 1952 rerum
442 1898 545 1952 talium.
584 1915 674 1969 speras
692 1898 792 1969 quippe
810 1905 837 1952 te
861 1899 1026 1954 sanctissimi
1047 1905 1072 1944 ¹⁰
1106 1900 1107 1945 l

254 2005 305 2041 nec
322 1988 412 2043 minus
429 1988 576 2043 truculenti
588 1988 673 2042 fontis
685 1989 730 2042 uel
741 2006 823 2043 unam
835 1988 934 2042 stillam
945 2006 1027 2060 posse

253 2077 336 2131 furari
354 2078 400 2131 uel
418 2079 528 2141 omnino
546 2078 713 2148 contingere.
751 2079 803 2133 diis
820 2078 902 2132 etiam
920 2078 1027 2150 ipsique

253 2218 408 2228 ———-

310 2301 335 2343 13
345 2303 457 2353 inpstnam
468 2304 552 2345 reor.
560 2304 591 2344 F¹
604 2301 608 2358 Ι
621 2306 646 2347 ii
657 2306 743 2357 copulis
753 2305 876 2356 Formo
888 2301 950 2357 lipsa
962 2306 966 2357 Ι
979 2318 1027 2346 me-

254 2379 300 2415 tum
311 2375 429 2417 iniciabant
439 2376 552 2427 naupasia
562 2377 638 2418 Herio.
654 2378 675 2420 7
683 2390 707 2428 p.
720 2377 774 2421 trs:
789 2381 856 2419 semet
870 2378 998 2419 muniebant
1008 2379 1030 2418 F

254 2453 336 2489 matum
345 2447 483 2490 incutiebant
492 2448 586 2490 Iahnius
601 2446 605 2502 Ι
625 2450 649 2491 lb
660 2462 716 2501 aque
733 2446 738 2502 Ι
758 2449 782 2490 ts
792 2450 865 2500 lapidi
874 2461 932 2489 coru.
943 2459 974 2499 p:
989 2451 1027 2491 lu·
1104 2482 1105 2485 η

254 2520 305 2569 pide
319 2518 356 2571 so
372 2520 483 2570 lapides*
500 2517 505 2571 Ι
522 2519 547 2561 19
562 2525 584 2562 et
598 2522 632 2562 iris
648 2521 780 2563 extricabilis
798 2523 808 2568 ΙΙ
827 2520 837 2560 1
850 2522 988 2572 prouidentia
998 2521 1025 2569 F,
1104 2496 1105 2557 l

252 2591 277 2632 s'n
286 2593 385 2645 marqs'ne
394 2592 404 2633 l
413 2593 552 2642 prouidentia
562 2594 613 2635 boni
624 2591 629 2645 Ι
641 2594 654 2635 3
664 2593 740 2645 optimi
750 2593 861 2644 Statim:
870 2593 933 2643 primi
945 2591 950 2647 Ι
962 2595 974 2632 5
985 2606 1025 2644 po-

253 2666 373 2706 cillatorem
384 2664 427 2717 s':
438 2666 605 2716 pollicitatorem
616 2665 651 2717 iio
663 2663 668 2720 1
680 2666 693 2706 o
703 2666 789 2718 frigium
801 2662 806 2716 1
818 2665 950 2706 substulemt
959 2678 1025 2716 opor-

252 2742 329 2777 tunam
341 2737 346 2788 Ι
358 2736 384 2778 10
394 2738 461 2778 talisi*
474 2736 478 2787 Ι
491 2738 570 2787 quippe
580 2737 687 2778 Iahnius:
698 2749 740 2788 que
751 2734 756 2788 1
768 2737 791 2776 11
804 2737 936 2777 truculenti·
