2244 3370
265 263 297 315 42
589 276 709 318 arrian

265 417 397 471 incitabat
415 424 442 470 et
460 424 561 471 uotum.
599 419 705 487 iamque
724 419 830 473 nauiter
847 419 965 474 emensis
983 421 1040 475 cel-
1054 401 1066 426 '⁸
1103 380 1104 453 Ι

264 507 381 561 sioribus
398 508 470 576 iugis
487 506 674 577 puluinaribus
692 525 750 562 sese
768 509 918 577 proximam
936 510 1037 565 intulit.
1059 523 1081 563 1⁰
1103 524 1104 577 Ι

265 597 340 651 uidet
357 598 444 667 spicas
461 597 651 652 frumentarias
663 599 692 652 in
705 616 801 652 aceruo
814 607 843 652 et
854 599 921 654 alias
934 599 1039 655 flexiles

218 735 220 739 .
264 688 292 740 in
311 704 420 752 corona,
441 695 469 741 et
487 688 575 757 spicas
592 688 687 742 hordei
704 688 788 743 uidet.
813 695 892 742 erant
908 697 937 743 et
954 689 1039 745 falces

262 784 292 830 et
311 794 407 847 operae
429 777 575 831 messoriae
598 778 717 832 mundus
740 779 843 842 omnis,
868 780 917 833 sed
940 788 1040 835 cuncta

264 868 363 937 passim
390 867 506 922 iacentia
533 875 560 921 et
583 869 692 922 incuria
717 868 830 922 confusa
857 875 885 923 et
910 876 942 923 ut
969 871 1040 925 solet

264 963 342 1010 aestu
360 957 543 1012 laborantium
560 959 686 1012 manibus
704 960 831 1028 proiecta.
852 958 918 1013 haec
931 960 1041 1030 singula
1060 968 1082 1007 15

263 1045 368 1117 Psyche
391 1049 494 1102 curiose
519 1048 618 1102 diuidit
642 1055 670 1102 et
693 1048 829 1103 discretim
856 1058 962 1104 remota
989 1052 1040 1106 rite

265 1138 411 1206 componit,
431 1146 490 1192 rata
504 1138 607 1192 scilicet
618 1139 719 1193 nullius
732 1139 776 1193 dei
788 1138 852 1193 iana
864 1157 895 1193 ac
908 1140 1041 1195 caerimo.

265 1227 323 1282 nias
341 1227 485 1296 neglegere
504 1246 531 1282 se
550 1228 659 1293 debere,
680 1229 728 1283 sed
745 1229 868 1282 omnium
884 1230 1041 1286 beniuolam

229 1312 475 1371 2miserioordiam
502 1335 651 1388 corrogare.
689 1317 755 1372 haec
779 1337 839 1374 eam
862 1320 978 1375 sollicite
997 1339 1059 1376 sev

266 1407 383 1477 duloque
402 1415 540 1462 curantem
553 1408 635 1463 Ceres
652 1408 722 1463 alma
736 1409 914 1480 deprehendit
932 1418 960 1464 et
978 1411 1041 1466 lon-

264 1514 330 1566 gum
347 1498 479 1552 exclamat
496 1499 620 1568 protinus
636 1497 676 1564 ‘a,
696 1507 727 1554 tu
743 1499 848 1571 Psyche
866 1501 1038 1557 miseranda!

263 1595 353 1642 totum
369 1605 417 1659 per
435 1589 528 1642 orbem
544 1589 637 1643 Venus
655 1591 736 1644 anxia
754 1590 942 1673 disquisitione
961 1599 1041 1647 tuum

265 1679 409 1747 uestigium
429 1678 523 1733 furens
546 1680 628 1733 animi
652 1680 764 1750 requirit
786 1688 866 1751 teque
889 1682 925 1735 ad
947 1690 1071 1737 extre-5

264 1786 338 1823 mum
356 1769 518 1839 supplicium
535 1770 638 1839 expetit
655 1777 683 1823 et
700 1771 765 1824 totis
782 1771 901 1825 numinis
916 1773 959 1826 sui
972 1774 1041 1828 uiri·

264 1860 315 1914 bus
332 1859 463 1914 ultionem
481 1860 596 1929 flagitat.
616 1866 647 1913 tu
664 1877 730 1913 nero
747 1878 837 1915 rerum
854 1879 976 1916 mearum
993 1871 1041 1918 tu-

263 1949 346 2004 telam
359 1968 431 2004 nunc
443 1951 515 2019 geris
528 1958 555 2005 et
570 1950 645 2005 aliud
656 1950 798 2020 quicquam
816 1952 919 2021 cogitas
938 1953 993 2007 nisi
1004 1954 1040 2008 de

264 2046 312 2093 tua
330 2040 417 2094 salute
424 2038 446 2093 ‘l’
475 2047 542 2094 tunc
559 2040 664 2111 Psyche
686 2041 769 2110 pedes
787 2042 844 2095 eius
862 2041 994 2097 aduoluta
1013 2052 1041 2098 et

265 2129 343 2183 uberi
366 2127 433 2184 fletu
455 2131 546 2200 rigans
565 2131 631 2184 deae
654 2132 770 2201 uestigia
792 2130 958 2201 humumque
976 2151 1041 2188 uer·
1063 2142 1104 2201 1οΙ

265 2235 327 2272 rena
351 2219 471 2273 crinibus
489 2220 544 2273 suis
562 2220 713 2290 multiiugis
736 2222 860 2292 precibus
884 2221 966 2276 editis
990 2240 1040 2277 ue-

265 2308 339 2361 niam
368 2309 530 2379 postulabat.
568 2308 631 2380 ‘per
653 2327 704 2380 ego
728 2317 756 2364 te
780 2311 939 2381 frugiferam
963 2319 1041 2368 tuam

265 2398 404 2452 dexteram
426 2399 506 2453 istam
524 2400 666 2470 deprecor,
692 2418 739 2470 per
761 2400 892 2456 laetificas
909 2403 1042 2458 messium

217 362 248 404 VI

320 2554 346 2595 10
363 2557 488 2606 proximans
505 2557 679 2598 Elmanhorstiua
699 2555 703 2611 Ι
725 2557 749 2598 11
767 2560 844 2600 acerbo
865 2555 869 2611 Ι
892 2558 918 2600 12
936 2560 1017 2601 taloan
1035 2560 1039 2610 Ι

265 2627 292 2668 tt
309 2628 393 2678 curiose
415 2626 419 2680 Ι
441 2629 466 2669 11
481 2640 506 2669 ae
521 2628 699 2670 Hildelrandrra:
714 2641 756 2671 om.
769 2629 849 2676 aar
865 2627 870 2683 Ι
888 2631 1039 2683 carimonias!

266 2698 291 2740 18
306 2711 346 2740 nec
362 2700 409 2752 lege
424 2699 459 2750 Fa
476 2711 532 2742 corr.
544 2698 576 2749 s*
597 2701 601 2749 Ι
624 2701 648 2741 19
659 2701 725 2742 mizon
744 2706 753 2749 ΙΙ
772 2702 845 2743 latu
856 2701 964 2744 Iahnius:
974 2702 1044 2744 sinF

264 2772 293 2810 ah
307 2782 319 2818 ς
