2244 3370
224 207 256 257 24
547 215 667 255 lavian

187 301 327 428 Vtimque
353 375 399 411 eas
421 357 582 411 lassitudine
607 356 668 410 uiae
691 355 822 410 sedilibus
845 355 948 409 refotas
972 366 1001 410 et

224 448 384 502 balnearum
403 447 544 517 uaporosis
557 445 680 500 fontibus
692 454 799 500 curatas
817 445 1000 515 pulcherrimo

225 538 344 592 triclinio
368 537 497 607 mirisque
521 537 575 589 illis
599 544 626 590 et
649 536 738 591 beatis
761 535 889 595 edulibus
916 544 1001 605 atque
1041 542 1056 582 ⁵

225 628 338 683 tuccetis
364 627 490 682 oblectat.
531 627 608 680 iubet
631 627 760 680 citharam
784 625 872 696 loqui:
904 625 1001 695 psalli-

225 728 284 784 tur;
304 717 387 771 tibias
403 733 497 786 agere:
518 725 644 782 sonatur;
665 715 759 770 choros
772 733 882 770 canere:
903 725 1001 770 canta-

225 817 278 862 tur.
305 826 374 879 quae
393 815 492 861 cuncta
510 807 586 860 nullo
603 814 744 877 praesente
758 806 921 860 dulcissimis
939 824 1002 859 mo-

227 898 298 952 dulis
316 898 420 951 animos
437 896 606 951 audientium
621 896 814 951 remulcebant.
841 914 891 951 nec
908 903 1002 950 tamen

227 987 400 1042 scelestarum
426 987 589 1040 feminarum
616 986 737 1057 nequitia
760 986 806 1041 nel
828 986 875 1040 illa
897 987 1002 1040 mellita
1025 998 1057 1037 ιο
1098 1052 1104 1061 .

227 1086 324 1132 cantus
336 1077 479 1132 dulcedine
497 1076 602 1130 mollita
618 1077 786 1147 conquieuit,
806 1077 855 1131 sed
867 1077 903 1131 ad
915 1077 1002 1131 desti-

227 1176 318 1222 natam
343 1168 479 1222 fraudium
504 1166 627 1237 pedicam
652 1184 803 1221 sermonem
829 1167 1002 1222 conferentes

228 1259 429 1313 dissimulanter
447 1257 584 1327 occipiunt
602 1256 747 1322 sciscitari,
770 1257 857 1327 qualis
874 1258 900 1312 ei
918 1258 1003 1310 mari·
1115 1209 1117 1295 l

227 1357 272 1403 tus
290 1356 318 1403 et
336 1350 419 1413 unde,
440 1348 570 1401 natalium
589 1356 662 1401 secta
679 1348 740 1402 cuia
750 1347 915 1418 proueniret.
935 1355 1003 1403 tunc
1116 1338 1117 1355 ¹

200 1422 203 1431 Ἰ
228 1440 275 1493 illa
304 1438 474 1510 simplicitate
504 1438 587 1491 nimia
616 1438 723 1508 pristini
753 1438 884 1491 sermonis
918 1438 1006 1492 oblita
1027 1450 1060 1490 ¹5

229 1548 332 1584 nouum
345 1535 528 1583 commentum
543 1528 654 1582 instruit
670 1527 761 1598 aitque
780 1528 906 1582 maritum
924 1546 1005 1582 suum

230 1622 264 1675 de
281 1619 424 1691 prouincia
441 1618 572 1689 proxima,
595 1618 701 1688 magnis
719 1619 841 1688 pecuniis
860 1619 1006 1688 negotian-

230 1719 294 1775 tem,
316 1712 369 1764 iam
387 1709 506 1764 medium
519 1727 627 1763 cursum
640 1709 736 1763 aetatis
748 1725 837 1778 agere,
857 1709 1006 1780 intersper-

231 1820 290 1856 sum
313 1817 374 1855 rara
395 1799 502 1854 canitie.
540 1816 591 1853 nec
608 1799 637 1852 in
656 1816 779 1853 sermone
798 1800 849 1853 isto
868 1800 1007 1854 tantillum

231 1899 335 1946 morata
360 1908 466 1944 rursum
493 1888 612 1959 opiparis
638 1890 797 1944 muneribus
824 1907 869 1944 eas
893 1900 1007 1946 onustas
1028 1903 1061 1946 20

232 1990 347 2034 uentcso
366 1979 493 2034 uehiculo
510 1979 640 2033 reddidit.

182 2077 213 2128 16
284 2070 339 2125 Sed
356 2071 421 2124 dum
442 2070 560 2140 Zephyri
584 2069 732 2139 tranquillo
756 2070 853 2140 spiritu
876 2070 1008 2125 sublima-

232 2169 275 2214 tae
294 2161 405 2214 domum
423 2160 552 2224 redeunt,
573 2160 611 2213 sic
630 2176 721 2214 secum
739 2160 900 2221 altercantes
916 2159 1006 2231 ‘quid,

232 2269 321 2316 soror,
347 2250 464 2304 dicimus
487 2250 520 2303 de
545 2258 599 2303 tam
623 2258 796 2305 monstruoso
820 2250 912 2305 fatuae
934 2251 1009 2306 illius

287 2409 346 2476 aule
367 2423 372 2475 Ι
393 2425 563 2477 luapcrelrcais
579 2425 646 2465 deleto
660 2437 672 2465 a
687 2427 749 2473 (teate
759 2425 932 2477 Eyssenhardtio
947 2438 961 2466 a
975 2438 1010 2467 aa·

232 2497 303 2537 canda
314 2509 378 2537 uranu
388 2501 506 2538 correctam
516 2508 542 2538 ex
551 2495 704 2551 uspcrolrosis)
716 2494 721 2550 Ι
733 2497 876 2548 pulcherrime
892 2494 897 2551 Ι
914 2497 1010 2548 baduli-

234 2571 273 2610 bus
285 2566 289 2621 Ι
302 2569 314 2610 6
325 2570 436 2621 cytharam
449 2567 453 2620 1
472 2569 484 2608 7
495 2573 619 2620 cantaturq3
628 2597 634 2609 .
643 2574 722 2610 cuncta
734 2565 738 2619 Ι
757 2569 781 2610 10
792 2570 860 2620 ipsa5
872 2568 876 2617 Ι
893 2568 918 2609 13
929 2570 1009 2611 sistar-

233 2641 277 2681 cari
292 2639 454 2692 inrnarpr'neF
474 2638 478 2690 Ι
501 2641 667 2688 14εεοῑιοιιῑες
688 2638 692 2691 1
715 2641 740 2682 18
751 2640 933 2690 aldemanus
944 2653 970 2693 ge
985 2643 1009 2682 in

233 2712 362 2765 momine?
377 2715 387 2759 ΙΙ
408 2715 413 2754 l
429 2713 508 2763 zephiri
526 2709 530 2762 1
548 2711 726 2759 2α1ῑεῐοαηῑιπς

519 2796 533 2821 0
