2244 3370
254 255 287 304 46
578 267 698 308 anLEn

203 348 233 391 vl
256 414 284 460 et
301 414 363 460 ante
381 405 493 461 thalami
505 408 691 463 rudimentum
704 409 825 480 nuptiale
837 427 939 463 munus
952 413 1039 467 obtu·
1105 468 1106 485 Ι

255 497 338 562 lerat,
363 497 444 551 limae
465 499 604 552 tenuantis
624 499 787 553 detrimento
809 500 991 570 conspicuum
1011 510 1067 556 ets
1105 488 1106 539 l

256 587 413 656 ipsiusauri
426 588 525 641 damno
538 588 695 658 pretiosum.
721 588 754 643 de
772 588 865 643 multis
877 608 949 660 quae
963 593 1039 647 circa
1105 582 1106 597 ¹

257 677 412 732 cubiculum
431 678 556 732 dominae
578 678 716 732 stabulant
733 680 886 749 procedunt
903 689 1038 751 quattuor
1100 674 1103 678 Α

257 768 387 821 candidae
405 768 546 822 columbae
565 775 593 821 et
608 767 700 822 hilaris
713 770 864 824 incessibus
876 770 952 840 picta
966 773 1037 826 colla

254 866 414 927 torquentes
431 858 526 926 iugum
544 875 697 928 gemmeum
715 860 834 914 subeunt
854 868 1036 931 susceptaque

256 948 366 1002 domina
382 947 471 1003 laetae
487 948 641 1002 subuolant.
662 966 771 1003 currum
784 949 851 1004 deae
863 967 1036 1021 prosequen-
1055 962 1078 1002 ιο

255 1044 297 1091 tes
320 1039 437 1107 gannitu
462 1038 645 1109 constrepenti
672 1038 821 1093 lascininnt
850 1057 977 1110 passeres
1008 1049 1037 1095 et

253 1136 361 1182 ’ceterae
380 1145 450 1198 quae
469 1128 547 1183 dulce
570 1129 706 1183 cantitant
727 1146 792 1183 aues
813 1129 916 1184 melleis
934 1132 1035 1186 modu·

256 1218 289 1271 lis
308 1235 391 1272 suane
409 1227 567 1273 resonantes
585 1219 734 1273 aduentum
753 1220 819 1273 deae
839 1221 1032 1290 pronuntiant.

257 1309 358 1362 cedunt
376 1309 462 1362 nubes
481 1316 509 1362 et
526 1308 631 1363 caelum
644 1309 716 1363 filiae
729 1310 859 1379 panditur
871 1318 899 1364 et
911 1329 1036 1365 summus

256 1398 349 1452 aether
361 1416 422 1453 cum
434 1398 536 1468 gaudio
550 1399 663 1469 suscipit
673 1400 759 1454 deam.
781 1417 831 1453 nec
844 1400 940 1454 obuias
953 1402 1034 1471 aqui·
1055 1419 1079 1457 15

256 1489 296 1543 las
314 1488 359 1542 uel
377 1488 516 1559 accipitres
528 1506 647 1563 ‘rapaces
665 1490 832 1560 pertimescit
848 1507 964 1560 magnae
978 1491 1033 1545 Ve-

223 1585 237 1633 'l
257 1580 329 1632 neris
353 1595 452 1632 canora
473 1578 585 1632 familia.
621 1586 687 1632 tunc
711 1597 739 1633 se
762 1579 885 1651 protinus
903 1580 939 1634 ad
956 1581 1035 1634 Iouis
1105 1636 1106 1647 Ι

256 1670 344 1738 regias
363 1686 438 1723 arces
451 1668 544 1738 dirigit
557 1677 584 1722 et
596 1670 683 1740 petitu
696 1670 814 1740 superbo
826 1670 967 1734 Mercurii,
989 1670 1036 1724 dei

256 1758 367 1823 uocalis,
388 1776 486 1829 operae
504 1760 683 1813 necessariam
701 1777 810 1814 usuram
829 1759 960 1830 postulat.
983 1779 1034 1816 nec

256 1850 366 1904 rennuit
383 1849 456 1903 louis
478 1849 613 1904 caerulum
636 1849 817 1920 supercilium.
854 1859 920 1904 tunc
944 1869 1034 1905 ouans

255 1940 319 1994 ilico
343 1940 490 1994 comitante
515 1940 596 1994 etiam
614 1939 752 1994 Mercurio
770 1939 864 1995 Venus
886 1941 963 1995 caelo
984 1942 1033 1996 de-

256 2037 328 2083 meat
340 2031 418 2101 eique
431 2030 545 2084 sollicite
559 2030 625 2084 serit
641 2029 725 2084 uerba
740 2027 836 2084 ‘frater
846 2030 957 2095 Arcadi,
980 2033 1034 2086 scis

255 2136 352 2189 nempe
370 2138 489 2174 sororem
506 2127 581 2174 tuam
593 2119 727 2174 Venerem
739 2120 797 2174 sine
809 2120 939 2174 Mercurii
951 2139 1034 2192 prae-

256 2209 342 2263 sentia
361 2210 400 2264 nil
417 2228 544 2281 umquam
557 2209 661 2274 fecisse,
682 2228 732 2265 nec
744 2217 771 2263 te
784 2210 914 2280 praeterit
925 2210 1030 2281 utique,

256 2308 358 2371 quanto
367 2308 368 2311 ’
377 2301 431 2354 iam
446 2308 568 2371 tempore
582 2300 783 2354 delitescentem
797 2301 921 2354 ancillam
935 2302 1031 2371 nequi·

312 2492 337 2533 14
351 2492 432 2543 cedunt
448 2488 452 2546 Ι
472 2492 553 2533 cedunt
568 2511 594 2522 —
613 2492 638 2533 lb
655 2494 716 2533 deam
730 2496 782 2542 post
799 2492 823 2532 17
840 2493 923 2532 familia
939 2493 1033 2535 collocat

257 2563 373 2617 Blattius}
387 2565 412 2606 16
423 2564 577 2615 accipiteresl'
584 2575 640 2606 corr.
647 2566 666 2613 f
677 2567 687 2611 ΙΙ
704 2564 819 2605 lmercori
827 2563 948 2613 Fcorm·
961 2564 965 2616 Ι
977 2567 1032 2606 tio·

258 2639 343 2689 uisse:
357 2638 418 2678 iones
430 2635 434 2688 Ι
446 2648 514 2678 ouans
524 2634 593 2686 Flo:
608 2647 674 2677 suana
686 2633 690 2689 Ι
702 2636 714 2674 5
724 2637 769 2677 celo
781 2632 786 2687 Ι
802 2634 814 2674 6
825 2646 907 2682 meast
925 2641 929 2685 Ι
950 2637 961 2675 'l
972 2648 1031 2677 mer-

257 2712 304 2752 curi
312 2708 334 2750 F
346 2721 402 2750 corr.
413 2708 444 2750 ΡΙ
464 2705 468 2761 Ι
486 2709 633 2759 praesentiam
642 2706 663 2748 F
671 2719 727 2748 corr.
738 2708 756 2755 s
773 2703 778 2759 Ι
799 2705 811 2745 Β
821 2705 916 2757 unquam
927 2719 992 2749 εναεα
1003 2710 1032 2749 ls'·

257 2783 318 2823 neoto
