2244 3370
346 244 460 286 Psrcfflr
478 246 515 286 ΕΤ
534 244 642 288 ch11>0
861 234 876 282 5

56 403 86 443 15
106 387 175 459 petit
186 387 340 458 plantisque
352 388 437 441 roseis
449 385 615 440 uibrantium
627 385 759 440 fluctuum
773 403 876 440 summo
892 327 922 372 w

106 495 166 530 rore
185 477 296 543 calcato,
316 495 377 532 ecce
395 477 449 531 iam
460 477 591 546 profundi
602 477 683 530 maris
696 476 765 530 sudo
777 476 878 530 resedit

106 568 222 633 uertice3
248 575 276 621 et
293 568 381 639 ipsum
399 568 473 638 quod
496 566 592 637 incipit
615 566 699 620 uelle:
726 567 751 619 ei
775 565 874 630 statim,

106 658 183 727 quasi
201 657 305 728 pridem
323 658 503 728 praeceperit,
528 674 584 710 non
602 664 722 710 moratur
743 656 877 710 marinum

105 748 274 817 obsequium.
312 749 411 802 adsunt
429 747 512 801 Nerei
530 747 600 800 filiae
619 746 729 800 chorum
749 754 877 800 canentes

53 847 84 889 20
106 845 133 890 et
144 837 281 891 Portunus
300 837 413 892 caerulis
430 837 523 891 barbis
536 837 659 908 hispidus
677 844 705 890 et
717 835 809 904 grauis
820 837 874 906 pis·

105 944 169 981 coso
187 928 249 981 sinu
262 927 366 982 Salacia
383 937 411 983 et
427 928 522 995 auriga
539 927 669 997 paruulus
688 926 811 997 delphini
822 925 876 979 Pe-

105 1017 220 1071 laemon.
252 1019 304 1072 iam
323 1018 424 1088 passim
441 1019 526 1072 maria
542 1018 723 1088 persultantes
735 1016 876 1069 Tritonum

105 1115 243 1172 cateruae,
269 1109 312 1162 hic
331 1109 435 1162 concha
452 1109 544 1162 sonaci
563 1107 660 1162 leniter
677 1107 802 1170 bucinat,
830 1105 876 1159 ille

105 1198 191 1251 serico
215 1199 335 1267 tegmine
360 1197 518 1268 flagrantiae
541 1199 605 1252 solis
629 1197 737 1251 obsistit
762 1195 873 1259 inimici,

52 1305 83 1346 25
104 1288 173 1343 alius
191 1289 241 1343 sub
259 1289 346 1343 oculis
363 1290 488 1344 dominae
506 1289 646 1360 speculum
663 1286 792 1358 progent,
813 1303 876 1339 cur-

104 1396 150 1432 rus
177 1379 284 1447 biiuges
311 1379 357 1433 alii
384 1380 540 1433 subnatant.
586 1378 647 1432 talis
674 1378 709 1431 ad
736 1376 875 1431 Oceanum

102 1477 261 1539 pergentem
280 1468 414 1523 Venerem
432 1469 579 1523 comitatur
596 1468 739 1523 exercitus.

155 1585 264 1638 Interea
286 1584 392 1655 Psyche
416 1603 478 1638 cum
500 1602 549 1638 sua
573 1585 625 1639 sibi
649 1583 799 1656 perspicua·
812 1583 874 1653 pul·
892 1591 925 1642 32

103 1675 257 1729 chritudine
283 1675 387 1729 nullum
411 1675 515 1729 decoris
539 1676 580 1729 sui
607 1674 725 1729 fructum
750 1673 872 1744 percipit.

102 1772 241 1835 spectatur
257 1766 291 1818 ab
311 1765 446 1830 omnibus,
467 1766 593 1819 laudatur
610 1765 644 1818 ab
664 1764 798 1829 omnibus,
824 1781 874 1816 nec

103 1855 256 1925 quisquam,
277 1873 332 1908 non
350 1873 407 1921 rex,
428 1873 484 1909 non
496 1857 596 1924 regius,
617 1872 667 1908 nec
680 1856 714 1909 de
726 1853 806 1924 plebe
819 1853 874 1907 sal-

69 1961 81 1999 5
101 1954 167 2009 tem,
179 1944 292 2016 cupiens
302 1946 360 1999 eius
371 1946 527 2016 nuptiarum
536 1946 638 2017 petitor
647 1944 760 1998 accedit.
772 1944 874 1997 miran-

101 2043 147 2088 tur
165 2035 275 2104 quidem
295 2035 417 2089 diuinam
435 2036 567 2105 speciem,
588 2036 636 2089 sed
654 2042 684 2088 ut
702 2034 874 2087 simulacrum

100 2126 177 2179 fabre
195 2125 310 2195 politum
328 2126 460 2180 mirantur
472 2144 575 2179 omnes.
601 2125 665 2178 olim
679 2127 747 2180 duae
760 2124 875 2178 maiores

102 2264 254 2275 -—

157 2372 182 2410 15
198 2370 328 2421 partisque
339 2369 425 2410 Fcorr.
436 2369 467 2409 ΡΙ
481 2366 485 2423 Ι
503 2370 527 2409 16
543 2371 627 2411 calcato
636 2367 681 2419 l‘:
696 2347 782 2413 calcatir
797 2367 818 2408 F
829 2370 875 2410 cal-

101 2442 151 2483 cati
162 2452 179 2490 φ
191 2437 196 2493 Ι
207 2442 338 2490 protundum
351 2441 469 2481 Koebleruc
479 2454 501 2482 a.
513 2453 567 2482 mus.
577 2441 646 2483 nna..
659 2441 717 2482 m
724 2455 747 2493 p.
760 2441 799 2484 151
815 2441 820 2494 Ι
837 2453 875 2482 su·

100 2515 153 2554 dore
163 2514 220 2555 sedit
230 2513 251 2553 F
263 2526 319 2554 coer.
329 2512 360 2562 s*
373 2512 377 2566 Ι
396 2515 419 2554 17
431 2515 450 2554 ei
461 2513 569 2554 lausum.-
584 2513 632 2554 8111ἱ
645 2526 672 2554 en
684 2514 848 2564 Oudendcrps'ua
860 2512 864 2563 Ι

101 2603 125 2645 19
135 2603 205 2643 medei
216 2601 258 2652 ro
270 2604 341 2644 *nerei
352 2601 383 2643 12¹
394 2604 453 2643 nerei
464 2600 491 2652 φ’
503 2600 507 2648 Ι
524 2602 550 2644 20
561 2604 640 2643 cerulis
657 2600 662 2656 Ι
680 2601 704 2643 11
716 2575 801 2644 ralaeib
812 2601 816 2656 Ι
828 2602 876 2642 del·

100 2676 138 2716 11111
148 2674 287 2727 ραΙεῐηοηίᾱΙ
306 2673 333 2716 13
343 2681 432 2717 caterue
448 2671 452 2727 Ι
468 2674 494 2715 24
505 2675 588 2715 lnlmici
597 2674 652 2725 rc:
662 2674 738 2723 detst
754 2676 758 2726 Ι
775 2674 801 2716 21
814 2685 875 2724 φοῖ-

97 2748 162 2799 gente
171 2749 182 2793 ΙΙ
192 2748 202 2788 7
213 2747 311 2787 homines
321 2747 436 2788 Michaelis
