2244 3370
5 338 7 347 Α
343 279 458 320 rsrcsrs
477 280 514 320 ar
534 279 641 320 cveroo
845 269 875 319 13

898 362 917 404 V

5 368 7 429 l
103 421 155 475 sibi
174 421 299 491 Psychen
314 419 416 475 fecerat
427 429 455 474 et
468 429 531 475 ante
543 421 612 475 lucis
624 428 749 474 exortum
761 438 874 491 propere

105 512 274 567 discesserat.
296 511 389 565 statim
401 529 482 565 uoces
495 511 619 566 cubiculo
632 506 811 581 praestolatae
824 530 875 564 no-

56 619 84 659 10
103 620 167 656 uam
186 610 300 671 nuptam
318 601 477 655 interfectae
495 601 663 670 uirginitatis
676 609 780 655 curant.
809 602 875 654 haec

103 692 211 746 diutino
229 698 350 761 tempore
369 692 407 745 sic
425 692 584 760 agebantur.
617 701 708 762 atque,
727 699 759 745 ut
771 698 813 745 est
824 710 874 746 na-

101 791 165 836 tura
182 781 329 845 redditum,
349 782 459 835 nouitas
477 799 525 852 per
543 782 680 835 assiduam
698 783 875 836 consuetudi-

102 890 166 926 nem
184 872 393 926 delectationem
411 871 436 924 ei
451 872 654 926 commendarat
665 879 693 925 et
705 890 787 925 sonus
799 872 875 926 uocis

102 963 223 1026 incertae
242 961 396 1015 solitudinis
414 968 473 1016 erat
490 962 645 1015 solacium„

55 1065 83 1105 15
154 1053 264 1105 Interea
287 1059 416 1122 parentes
440 1053 498 1107 eius
525 1052 662 1106 indefesso
690 1052 766 1106 luctu
793 1061 874 1122 atque

102 1159 224 1196 maerore
243 1143 483 1205 consenescebant,
504 1142 640 1211 latiusque
659 1150 785 1212 porrecta
803 1141 875 1196 fama

103 1249 209 1286 sorores
227 1231 290 1284 illae
302 1231 418 1284 maiores
431 1240 530 1286 cuncta
542 1240 694 1300 cognorant
706 1245 874 1303 propereque

5 1338 7 1419 p
102 1328 222 1376 maestae
239 1329 322 1391 atque
340 1321 470 1390 lugubres
489 1322 596 1375 deserto
614 1322 670 1375 lare
692 1320 815 1375 certatim
840 1321 875 1375 ad

102 1420 246 1482 parentum
263 1428 375 1465 suorum
392 1418 568 1481 conspectum
586 1412 763 1482 adlatumque
782 1428 873 1481 perre-

51 1515 81 1557 20
101 1509 207 1556 xerant.
241 1519 273 1554 ea
291 1508 371 1554 nocte
389 1501 425 1554 ad
442 1518 519 1554 suam
531 1501 655 1571 Psychen
669 1500 706 1556 sio
719 1502 781 1555 infit
792 1501 874 1554 mari·
894 1506 908 1554 5

101 1600 146 1646 tus
169 1598 292 1662 (namque
310 1599 418 1662 praeter
436 1591 529 1645 oculos
545 1599 572 1644 et
584 1592 711 1646 manibus
724 1598 751 1644 et
763 1591 874 1644 auribus

101 1683 146 1736 hic
168 1681 252 1747 [nihil]
274 1680 449 1745 sentiebatur)
469 1678 584 1751 ‘Psyche
604 1682 761 1735 dulcissima
773 1689 800 1734 et
812 1698 875 1735 cara

101 1789 185 1835 uxor,
212 1771 351 1826 exitiabile
374 1771 426 1823 tibi
450 1770 601 1840 periculum
623 1771 744 1824 minatur
765 1772 875 1824 fortuna

68 1883 81 1921 5
102 1863 218 1927 saeuior,
238 1861 311 1931 quod
329 1861 532 1915 obseruandum
546 1861 679 1930 pressiore
692 1861 797 1913 cautela
809 1878 874 1913 oen-

101 1970 157 2008 seo.
196 1969 302 2006 sorores
324 1952 377 2004 iam
399 1959 462 2004 tuae
485 1951 579 2004 mortis
602 1950 730 2019 opinione
749 1952 874 2004 turbatae

101 2052 235 2114 tuumque
259 2041 405 2110 uestigium
429 2041 598 2111 requirentes
622 2041 764 2110 scopulum
792 2041 874 2094 istum

100 2134 227 2205 protinus
242 2133 367 2195 aderunt,
389 2149 504 2201 quarum
517 2131 607 2201 siquas
619 2130 690 2184 forte
703 2131 874 2184 lamentatio-

100 2242 150 2278 nes
168 2222 317 2292 acceperis‚
337 2239 426 2292 neque
444 2222 622 2292 respondeas,
642 2222 724 2274 immo
743 2239 793 2274 nec
811 2239 874 2291 pro-

52 2327 80 2368 10
101 2315 199 2385 spicias
211 2312 337 2378 omnino;
352 2321 471 2367 ceterum
484 2312 550 2365 mihi
563 2312 674 2381 quidem
685 2312 875 2380 grauissimum

158 2492 276 2544 Spayohen
286 2490 307 2531 F
320 2504 368 2542 pec
378 2494 456 2542 ssocto
475 2490 479 2541 Ι
497 2493 509 2533 9
524 2492 654 2541 praestolata
671 2488 676 2541 Ι
693 2490 716 2529 ll
729 2490 843 2530 alebantur
857 2489 878 2529 1³

101 2575 159 2605 corr.
170 2562 201 2602 1¹⁷1
214 2561 218 2617 Ι
231 2562 257 2604 1²
267 2563 463 2613 rerumrrrosaem
474 2560 479 2614 1
495 2563 593 2604 uiduitas
602 2563 697 2604 Iahnius
704 2562 782 2612 philol.
796 2561 878 2602 xm

98 2650 124 2689 p.
135 2638 148 2677 ‘l
161 2633 165 2689 Ι
180 2636 204 2676 13
214 2636 260 2676 eius
270 2633 306 2675 F?
317 2631 321 2687 Ι
332 2626 364 2675 'lo
375 2647 456 2675 merore
467 2635 471 2684 Ι
485 2634 510 2675 19
520 2640 645 2684 perrexerat
655 2633 676 2675 F
682 2645 739 2675 corr.
750 2632 780 2672 1²1
794 2636 806 2680 ΙΙ
820 2632 876 2673 3his

101 2709 171 2749 nichil
180 2706 203 2748 F
208 2708 246 2748 ille
256 2707 324 2751 nichil
329 2706 358 2755 s*
367 2704 411 2749 isan
417 2707 478 2751 Nihil
488 2706 663 2756 Eyssenhardtus
673 2706 710 2746 ille
721 2705 790 2746 nihilo
805 2706 876 2745 minus

103 2780 197 2822 Iahnius
203 2778 282 2830 philol.
294 2779 339 2820 XX
343 2778 376 2820 VI
380 2790 405 2828 p.
418 2777 428 2816 7
441 2776 445 2831 Ι
457 2780 469 2819 9
480 2778 610 2825 &cocleas
621 2775 660 2827 φιτ
672 2777 789 2826 respondes
799 2776 839 2825 ro
