2244 3370
253 258 285 308 28
577 269 695 311 arrisu

215 354 394 464 Vmachinae
424 411 560 474 latibulis,
598 410 732 465 destrictis
761 412 870 480 gladiis
888 412 1030 468 fraudium
1115 408 1116 473 l

254 501 383 571 simplicis
406 500 510 570 puellae
532 508 662 570 pauentes
681 501 860 570 cogitationes
877 502 1026 558 inuadunt.

203 597 235 648 20
254 591 292 644 sic
317 590 433 659 denique
458 589 542 643 altera
557 590 696 660 ‘quoniam
722 609 772 645 nos
799 591 912 660 originis
939 611 1029 648 nexus

254 698 304 752 pro
328 689 375 734 tua
402 680 588 734 incolumitate
614 680 763 751 periculum
787 682 897 750 quidem
921 682 1031 737 nullum

255 779 318 824 ante
337 770 430 824 oculos
448 770 547 824 habere
567 764 720 841 compellit,
739 772 812 825 uiam
830 788 882 841 qua
903 772 962 826 sola
979 773 1030 827 de-

255 862 330 914 ducit
346 861 399 914 iter
416 861 450 914 ad
467 860 582 914 salutem
600 861 647 914 diu
666 861 765 931 diuque
783 862 930 930 cogitatam
948 881 1030 916 mon-

252 952 399 1005 strabimus
416 951 476 1004 tibi.
514 950 674 1004 nouaculam
698 959 883 1022 praeacutam,
911 952 1030 1023 adpulsu
1068 975 1081 1013 5

254 1042 336 1096 etiam
365 1040 497 1111 palmulae
527 1041 654 1095 lenientis
684 1049 868 1112 exasperatam
894 1042 948 1095 tori
976 1060 1031 1113 qua

254 1139 330 1204 parte
354 1132 452 1186 cubare
477 1131 614 1185 consuesti
636 1131 753 1186 latenter
775 1133 911 1186 absconde
939 1133 1030 1187 lucer·

255 1240 370 1292 namque
387 1222 548 1275 concinnem
566 1220 726 1291 completam
745 1221 814 1287 oleo,
834 1222 907 1276 claro
926 1223 1030 1278 lumine

254 1313 464 1385 praemicantem
483 1312 569 1365 subde
582 1306 672 1381 aliquo
684 1310 835 1366 claudentis
847 1312 953 1366 aululae
967 1321 1029 1383 teg·

255 1405 338 1469 mine,
359 1402 486 1471 omnique
504 1401 557 1455 isto
575 1409 704 1472 apparatu
716 1402 888 1456 tenacissime
900 1403 1029 1458 dissimu·
1052 1420 1081 1459 lo
1115 1460 1116 1463 ,

255 1496 326 1559 lato,
352 1500 493 1564 postquam
517 1492 635 1546 sulcatos
653 1492 792 1546 intrahens
811 1509 919 1561 gressus
938 1495 1031 1548 cubile

256 1585 365 1640 solitum
381 1582 570 1636 conscenderit
587 1582 693 1651 iamque
711 1590 852 1652 porrectus
870 1589 898 1636 et
915 1585 1030 1638 exordio

256 1675 343 1730 somni
368 1673 516 1744 prementis
539 1671 686 1742 implicitus
709 1671 793 1725 altum
816 1690 941 1743 soporem
963 1673 1030 1728 flare
1114 1626 1116 1703 l

256 1764 389 1836 coeperit,
410 1772 470 1816 toro
489 1762 599 1833 delapsa
617 1762 744 1830 nudoque
761 1761 878 1831 uestigio
896 1764 1031 1833 pensilem

255 1858 370 1927 gradum
392 1853 559 1925 paullulatim
577 1852 702 1905 minuens
720 1869 815 1906 caecae
833 1852 962 1907 tenebrae
980 1872 1030 1908 cu·
1053 1875 1082 1915 15

256 1948 345 2002 stodia
362 1945 477 1999 liberata
494 1944 604 1997 lucerna
620 1941 750 2012 praeclari
768 1941 809 1996 tui
830 1942 960 1996 facinoris
980 1962 1030 2015 op·
1115 1998 1116 2001 ,

255 2037 450 2110 portunitatem
464 2035 498 2087 de
516 2032 625 2086 luminis
643 2031 756 2085 consilio
773 2040 897 2085 mutuare
913 2041 942 2086 et
953 2035 1031 2088 anci·
1115 2024 1116 2035 ³

255 2129 306 2200 piti
324 2127 379 2181 telo
398 2125 445 2179 illo
463 2123 602 2177 audaciter
616 2121 691 2191 prius
704 2122 814 2175 dextera
832 2139 939 2176 sursum
958 2124 1031 2178 elata

256 2219 318 2272 nisu
335 2233 414 2286 quam
432 2213 525 2267 ualido
543 2211 619 2264 noxii
643 2211 776 2281 serpentis
794 2212 897 2266 nodum
914 2214 1031 2268 ceruicis

255 2317 283 2363 et
300 2305 397 2377 capitis
415 2302 552 2358 abscinde.
590 2317 640 2353 nec
658 2309 781 2354 nostrum
798 2302 850 2355 tibi
865 2302 952 2355 deerit
964 2304 1031 2358 sub·
1050 2318 1082 2359 ao

256 2398 369 2460 sidium,
398 2394 447 2448 sed
474 2410 535 2446 cum
560 2391 676 2461 primum
704 2389 776 2444 illius
802 2399 889 2444 morte
915 2391 1031 2447 salutem

310 2568 335 2609 17
346 2566 445 2606 machine
454 2566 464 2610 ll
476 2561 660 2604 lincolumitates
674 2557 678 2610 Ι
695 2560 742 2601 ullir
754 2557 758 2613 Ι
775 2559 842 2611 aqua
851 2559 958 2601 lanarius:
969 2573 1012 2614 quc
1026 2565 1029 2611 l

255 2643 340 2692 'lparto
353 2637 375 2678 F
393 2633 479 2689 aaron}
500 2630 641 2682 9aululeF:
657 2632 757 2680 aululeo
776 2631 883 2681 tabuleF
894 2633 918 2672 r'a
932 2635 1033 2686 maraine

255 2713 313 2763 ets*
331 2710 335 2766 1
356 2712 379 2752 11
391 2711 476 2752 sulcato
493 2703 497 2759 1
517 2704 624 2746 iterasse
635 2703 728 2743 Iahnius
744 2701 748 2749 Ι
767 2703 790 2743 14
802 2704 883 2753 ceperit
899 2700 904 2756 Ι
922 2703 1032 2755 ltpullu.

255 2788 316 2828 latim
1114 2782 1116 2841 l

172 3090 881 3354 Q
1112 3142 1116 3323 l
