2244 3370
299 297 301 303 y
345 252 458 294 Psrcflu
476 254 512 294 ΕΤ
532 253 639 295 CVPIDO

146 398 198 449 quoi
208 398 281 439 tremit
290 398 336 448 ipae
348 398 415 448 tous,
425 409 468 448 quo
478 399 568 438 numina
579 400 731 448 tentarentur,

188 470 321 521 fluminaque
332 470 459 510 horrescunt
469 475 492 509 et
502 471 588 522 Stygiae
599 472 709 511 tenebrae.

104 591 153 627 rex
171 572 236 626 olim
253 573 350 626 beatus
368 572 453 625 affatu
476 581 585 626 sanctae
608 573 809 627 uaticinationis
833 591 879 630 ac-

54 671 84 712 1⁰
104 671 184 733 cepto
196 663 293 733 pigens
304 662 444 733 tristisque
456 669 528 716 retro
539 663 649 716 domum
661 663 749 733 pergit
761 680 879 734 suaeque

104 753 215 822 coniugi
228 761 370 822 praecepta
382 753 462 806 sortis
480 753 581 806 enodat
598 753 742 807 infaustae.
774 770 879 807 maere-

104 850 151 896 tur
168 843 250 897 fletur
266 843 430 897 lamentatur
449 843 546 896 diebus
564 843 702 913 plusculis.
734 843 783 897 sed
804 843 878 896 dirae

104 934 186 987 sortis
215 934 268 986 iam
295 941 375 1001 urget
401 940 488 986 taeter
515 931 640 987 effectus:
672 934 726 987 iam
755 933 879 987 feralium

104 1024 262 1094 nuptiarum
279 1023 445 1077 miserrimae
462 1022 564 1092 uirgini
582 1023 738 1092 choragium
754 1023 876 1085 struitur,

54 1127 83 1167 15
104 1113 159 1167 iam
176 1114 273 1166 taedae
291 1113 383 1167 lumen
401 1121 475 1167 atrae
489 1112 613 1182 fuliginis
625 1112 715 1167 cinere
727 1113 876 1177 marcescit,

104 1211 132 1257 et
151 1221 233 1257 sonus
251 1202 333 1259 tibiae
351 1203 445 1273 zygiae
467 1211 586 1257 mutatur
607 1203 636 1256 in
661 1203 804 1272 querulum
821 1204 878 1273 Ly-

103 1295 180 1348 dium
197 1294 309 1351 modum
327 1300 477 1364 cantusque
496 1293 582 1347 laetus
602 1292 745 1363 hymenaei
769 1293 879 1361 lugubri

103 1383 199 1438 finitur
215 1383 334 1446 ululatu,
361 1391 388 1436 et
405 1383 495 1453 puella
513 1390 631 1453 nuptura
654 1384 778 1452 deterget
799 1383 878 1437 lacri-

103 1491 162 1527 mas
180 1473 237 1543 ipso
256 1489 305 1525 suo
323 1472 457 1525 flammeo.
489 1471 527 1526 sic
546 1474 668 1527 adfectae
687 1473 784 1527 domus
801 1472 878 1526 triste

52 1571 83 1614 20
104 1564 192 1617 fatum
211 1569 310 1616 cuncta
328 1562 409 1616 etiam
426 1562 521 1616 ciuitas
542 1563 730 1632 congemebat‚
748 1562 877 1633 luctuque

103 1652 212 1725 publico
239 1652 382 1706 confestim
410 1669 562 1721 congruens
589 1652 705 1706 edicitur
734 1650 875 1706 iustitium,

103 1743 154 1797 sed
171 1742 280 1796 monitis
299 1743 460 1798 caelestibus
481 1742 594 1812 parendi
618 1742 763 1797 necessitas
786 1742 879 1797 misel-
897 1747 930 1797 34

104 1835 159 1887 lam
176 1832 301 1903 Psychen
319 1833 354 1886 ad
372 1832 534 1887 destinatam
558 1849 673 1903 poenam
699 1832 875 1902 efflagitabat.

104 1922 232 1995 perfectis
249 1922 333 1991 igitur
350 1922 441 1976 feralis
459 1921 569 1976 thalami
592 1939 652 1976 cum
675 1939 780 1976 summo
804 1940 879 1977 mae-

104 2032 166 2068 rore
183 2013 361 2067 sollemnibus
378 2019 436 2066 toto
455 2019 637 2082 prosequente
660 2011 760 2082 populo
784 2013 878 2066 uiuum

159 2173 170 2211 7
182 2172 234 2223 quoi
243 2171 278 2211 uel
287 2171 323 2212 cui
332 2158 441 2210 Iahnius:
456 2170 514 2220 quod
524 2168 545 2209 1?
558 2180 601 2220 quo
616 2172 656 2209 aut
672 2181 735 2220 quem
752 2170 817 2221 uulgo
834 2167 838 2222 Ι
855 2172 879 2210 iu

105 2246 196 2286 numina
214 2243 348 2294 Neptunium
364 2242 483 2295 fluminum
502 2253 616 2292 connumera
636 2241 704 2281 tatere
726 2243 880 2292 uaepieebatur

103 2317 198 2359 Iahnius
215 2314 219 2365 Ι
237 2317 249 2358 8
265 2315 363 2365 flumina,
379 2326 443 2364 quem
459 2313 561 2353 Pithoeus
574 2312 772 2363 proboutelehm'o
787 2314 879 2355 fulmina

103 2401 168 2441 quem
179 2387 317 2429 Lifuellerue
327 2386 357 2425 ed
365 2384 524 2426 Numerianum
536 2397 560 2435 p.
572 2384 598 2425 34
618 2379 622 2436 Ι
639 2384 704 2436 stigie
721 2383 726 2432 Ι
744 2385 769 2424 tu
779 2386 853 2436 pigens
862 2397 879 2434 φ

104 2461 210 2513 Lipsiae:
220 2460 283 2511 pigne
295 2455 384 2511 (pig&?)
395 2456 416 2496 F
430 2456 562 2508 plgerj'p“
575 2458 579 2508 Ι
596 2457 687 2506 trietieq3
699 2459 726 2506 J:
741 2457 817 2507 triniq3
828 2455 851 2497 Γ
864 2454 869 2507 Ι

104 2534 129 2575 11
140 2537 237 2574 meretur
249 2529 253 2581 Ι
266 2529 292 2571 12
302 2530 347 2570 dire
359 2527 363 2578 Ι
378 2531 402 2570 11
412 2530 530 2570 miserrime
542 2527 546 2581 Ι
567 2530 591 2566 15
601 2529 651 2569 tede
663 2525 668 2580 Ι
679 2529 751 2569 cinert
762 2528 852 2569 arcescit
864 2524 869 2580 Ι

104 2606 129 2647 fb
140 2606 214 2658 zygiae
225 2602 344 2645 Beroaldus
352 2613 361 2642 .·
369 2602 432 2654 gygie
445 2598 449 2653 Ι
461 2601 527 2653 quelfr
537 2600 622 2642 aare.
633 2600 665 2640 10²¹
679 2598 684 2649 Ι
700 2599 851 2640 ludiumodum
861 2598 883 2639 1³

102 2678 165 2719 ludit
176 2677 252 2717 deletis
260 2672 385 2727 reliquiar
395 2673 442 2713 ludi
452 2672 542 2722 modrip
555 2670 559 2724 Ι
572 2672 595 2713 il
608 2672 701 2712 bimenei
713 2668 718 2724 Ι
731 2671 756 2712 te
767 2672 851 2712 adfecte
860 2674 872 2717 ΙΙ

106 2754 114 2790 1
127 2749 242 2791 celestibus
255 2744 260 2800 Ι
271 2747 284 2789 2
295 2757 372 2798 penam
385 2742 389 2798 Ι
402 2745 413 2786 3
424 2756 505 2785 merore
