2244 3370
380 220 494 261 parona
511 220 556 300 uu⁸
569 220 678 261 avemo
880 208 912 259 37

938 303 957 346 V

138 361 233 415 dolore
250 368 430 427 maerentem,
454 362 568 416 dubium
586 362 680 416 salutis
699 363 787 417 iacere
805 362 912 433 iamque

89 460 117 501 to
138 469 187 522 per
205 459 365 505 cunctorum
383 469 430 506 ora
451 451 615 523 populorum
638 453 792 507 rumoribus
816 453 912 507 conui-

137 542 241 612 ciisque
264 542 346 596 uariis
367 559 475 596 omnem
493 542 606 617 Veneria
624 542 755 597 familiam
772 543 842 597 male
861 561 912 598 au-

137 632 206 695 dire,
221 632 295 701 quod
310 632 355 686 ille
368 633 477 702 quidem
495 638 624 686 montano
643 639 777 697 scortatu,
797 641 828 687 tu
845 651 911 687 uero

136 722 241 775 marino
255 728 351 776 natatu
363 722 526 781 secesseritis
539 740 571 776 ac
583 739 631 792 par
643 722 694 776 hoc
711 741 767 776 uon
784 723 911 794 uoluptas

137 811 201 875 ulla,
222 830 277 865 non
290 813 385 882 gratia,
405 830 460 866 non
478 812 563 883 lepos,
583 813 631 867 aed
642 813 779 884 incompta
792 821 819 867 et
832 831 911 883 agre·

87 915 116 954 15
137 903 189 956 stia
207 911 235 955 et
251 902 362 957 horrida
380 910 478 957 cuncta
495 903 559 968 sint,
579 920 635 956 non
654 904 765 974 nuptiae
779 904 910 973 coniuga-

135 993 191 1057 les,
217 1011 273 1046 non
297 992 432 1047 amicitiae
451 992 578 1058 sociales,
605 1011 661 1046 non
678 993 793 1048 liberum
811 995 909 1048 carita·

135 1091 192 1146 tea,
213 1083 262 1137 sed
279 1082 396 1136 enormis
414 1083 555 1137 conluuiea
572 1091 600 1137 et
618 1082 797 1152 squalentium
814 1085 909 1139 foede-

134 1191 196 1226 rum
213 1174 328 1226 inauaua
346 1172 493 1227 fastidium.
516 1173 583 1227 haec
600 1172 647 1227 illa
664 1174 780 1227 uerbosa
798 1183 826 1228 et
843 1175 909 1228 satia

135 1263 242 1317 curiosa
259 1263 318 1317 auis
336 1263 365 1316 in
383 1263 494 1317 auribus
511 1263 625 1317 Veneria
643 1262 692 1317 filii
709 1264 832 1318 lacerans
850 1264 909 1318 exi·
982 1286 988 1300 *

84 1365 114 1406 20
135 1353 319 1407 etimationem
342 1353 499 1421 ganuiebat.
538 1360 567 1407 at
584 1353 677 1407 Venus
700 1354 769 1406 irata
792 1353 908 1408 solidum

135 1443 268 1497 exclamat
279 1451 391 1514 repente
407 1441 483 1512 ‘ergo
501 1444 554 1497 iam
571 1443 617 1497 ille
634 1444 724 1498 bonus
743 1444 814 1498 filius
831 1461 908 1498 meus

133 1534 217 1587 habet
229 1534 342 1588 amicam
355 1532 490 1602 aliquam?
507 1550 610 1604 prome,
629 1534 754 1603 agedum,
769 1551 838 1603 quae
850 1534 908 1588 sola

134 1623 200 1677 mihi
213 1624 298 1678 seruis
311 1631 443 1687 amanter,
461 1641 561 1677 nomen
574 1623 632 1678 eiua
649 1641 718 1693 quae
731 1641 846 1694 puerum
864 1624 908 1676 in-

134 1730 254 1782 genuum
267 1722 295 1768 et
305 1715 440 1768 inuestem
453 1713 618 1777 sollicitauit,
639 1714 696 1767 siue
715 1713 761 1766 illa
774 1714 808 1767 de
820 1712 908 1783 Nym·

82 1816 114 1857 25
133 1804 247 1873 pharum
272 1804 373 1874 populo
397 1822 445 1858 seu
463 1805 497 1858 de
515 1804 652 1858 Horarum
676 1820 789 1857 numero
808 1820 855 1856 seu
873 1803 907 1856 de

133 1893 275 1948 Musarum
297 1895 379 1948 choro
397 1895 442 1947 uel
460 1895 494 1948 de
512 1911 634 1948 mearum
653 1893 808 1948 Gratiarum
825 1893 907 1946 mini-

134 1981 233 2037 sterio‘.
255 2002 305 2038 nac
317 1985 417 2053 loquax
429 1984 476 2038 illa
488 1984 620 2038 conticuit
632 1983 701 2047 auia,
722 1983 770 2037 sed
783 1981 905 2047 ‘nescia’

133 2074 223 2143 inquit
237 2073 372 2139 ‘domina;
399 2082 466 2144 puto
488 2073 605 2144 puellam
627 2073 658 2129 [ai
680 2073 765 2144 probe
783 2073 904 2137 memini,

132 2163 251 2234 Psyches
264 2165 374 2219 nomine
387 2164 493 2228 dicitur)
511 2163 611 2218 efflicte
625 2161 741 2233 cupere'.
755 2171 822 2239 tuno
832 2162 906 2216 indi·

188 2363 213 2404 10
224 2371 351 2406 cunctorum
363 2366 409 2415 so:
424 2371 551 2406 cunctarum
572 2366 577 2416 1
599 2363 794 2414 llomnemfflor
808 2374 906 2404 omnam·

132 2448 174 2487 qua
195 2434 200 2488 Ι
222 2436 246 2477 17
262 2422 373 2478 couluuiea
388 2436 496 2478 Iulium:
516 2437 601 2488 gluuiea
616 2436 652 2486 ro
671 2435 816 2490 ingluuieas‘
828 2436 833 2484 Ι
844 2436 907 2487 lede-

131 2506 196 2562 rum!
214 2508 239 2550 19
248 2497 326 2550 auia
338 2507 449 2559 filiumul
465 2508 490 2550 21
501 2521 551 2561 ergo
560 2511 603 2562 so:
618 2519 667 2561 erga
679 2504 683 2560 Ι
696 2511 765 2550 bonus
774 2506 906 2548 aarum.

131 2581 161 2621 1Η
183 2580 187 2634 Ι
205 2579 231 2622 22
241 2593 315 2631 prome
327 2582 417 2633 agedum
428 2592 459 2630 o:
473 2592 511 2631 pro
521 2592 569 2622 meo
580 2582 645 2633 gedu·
659 2577 663 2633 Ι
675 2593 730 2632 quae
740 2600 766 2610 -
777 2579 803 2621 ²³
814 2580 860 2621 eiua
870 2579 907 2619 io·

131 2650 229 2700 duxits‘
250 2651 254 2704 Ι
274 2652 391 2706 'lssingeuir
410 2652 414 2705 Ι
433 2650 458 2693 24
470 2654 636 2704 denimpharum
655 2653 660 2705 Ι
679 2647 758 2695 radia
772 2649 833 2701 mo:
851 2645 907 2700 dubl

130 2726 198 2776 probe
