2244 3370
339 284 453 325 rancus
471 285 507 326 sn
528 285 636 327 cvr1u0
840 277 872 327 43

96 424 288 487 caerimonias,
313 442 362 496 per
386 426 470 480 tacita
494 434 598 481 secreta
620 428 749 482 cistarum
773 436 800 482 et
824 441 873 498 per
889 373 920 415 vl

45 523 76 563 15
96 514 260 568 famulorum
277 521 385 569 tuorum
403 516 551 570 draconum
568 517 683 588 pinnata
700 517 834 572 curricula
846 527 875 572 et

96 605 194 673 glebae
218 604 325 659 Siculae
348 605 494 660 sulcamina
517 615 545 660 et
567 625 675 661 currum
698 625 821 678 rapacem
846 616 874 662 et

94 703 197 748 terram
215 703 338 749 tenacem
355 703 383 749 et
400 695 592 751 inluminarum
604 698 783 769 Proserpinae
802 699 873 751 uub-

94 785 195 839 tiarum
213 784 368 839 demeacula
385 792 414 840 et
430 786 626 841 luminosarum
643 787 715 842 filiae
733 788 874 842 inuentio-

96 893 162 928 uum
180 875 333 929 remeacula
348 882 376 929 et
393 883 483 930 cetera
501 894 568 947 quae
586 877 694 932 silentio
707 878 776 947 tegit
788 877 873 931 Eleu-

43 980 75 1021 20
96 965 164 1018 sinis
181 965 289 1019 Atticae
307 966 462 1031 sacrarium,
486 967 656 1021 miserandae
673 966 794 1038 Psyches
812 968 874 1021 ani-

93 1072 166 1118 mae,
181 1056 311 1125 supplicis
322 1063 395 1120 tuae,
416 1057 542 1111 subsiste.
563 1057 635 1111 inter
646 1057 725 1111 istam
738 1058 873 1128 spicarum

95 1145 251 1214 congeriem
280 1152 373 1216 patere
398 1146 443 1201 uel
465 1147 597 1217 pauculos
621 1147 680 1202 dies
704 1147 871 1211 delitescam,
939 1184 943 1194 ·

95 1235 186 1305 quoad
210 1236 276 1290 deae
303 1243 396 1292 tantae
420 1238 545 1291 saeuiens
568 1238 610 1291 ira
634 1238 722 1309 spatio
744 1238 873 1307 temporis

70 1342 73 1347 ’
93 1325 237 1394 mitigetur
253 1326 298 1380 uel
316 1334 388 1381 certe
406 1344 483 1381 meae
501 1329 574 1382 uires
587 1327 693 1382 diutino
710 1328 804 1382 labore
817 1327 872 1381 les-

42 1426 76 1468 25
96 1432 143 1469 sae
167 1415 265 1485 qnietis
289 1416 434 1471 interuallo
459 1413 614 1471 leniantur‘.
653 1417 766 1489 suscipit
790 1416 872 1471 Ceres
908 1419 924 1467 3

93 1503 159 1559 ‘tuis
171 1506 281 1574 quidem
297 1506 448 1561 lacrimosis
465 1506 591 1578 precibus
609 1514 638 1560 et
655 1524 827 1561 commoneor
845 1513 873 1559 et

9 1652 10 1657 ,
96 1595 223 1666 opitulari
236 1595 327 1667 cupio,
347 1597 396 1651 sed
407 1605 540 1667 cognatae
551 1615 637 1661 meae,
652 1614 713 1652 cum
725 1614 778 1668 qua
790 1597 872 1651 etiam

49 1719 52 1726 ·
94 1687 193 1740 foedus
212 1687 353 1756 antiquum
371 1687 505 1742 amicitiae
523 1688 599 1751 colo,
624 1687 714 1742 bonae
732 1695 873 1757 praeterea

61 1776 228 1841 stamineo,
253 1776 353 1830 malam
377 1778 491 1847 gratiam
510 1779 600 1832 subire
618 1795 732 1848 nequeo.
771 1778 872 1832 decede

95 1866 187 1935 itaque
205 1866 266 1920 istis
285 1866 399 1921 aedibus
417 1868 542 1937 protinus
558 1875 586 1921 et
598 1868 699 1937 quoda
711 1884 754 1921 me
766 1874 873 1921 retenta

96 1956 285 2027 custoditaque
304 1973 360 2011 uon
377 1958 460 2011 fueris
479 1958 575 2027 optimi
593 1955 721 2012 consulc’.
930 1950 936 1959 ⁶

148 2045 251 2100 Contra
275 2064 351 2117 spem
375 2064 451 2101 suam
474 2047 582 2117 repulsa
599 2046 703 2119 Psyche
726 2054 754 2103 et
771 2046 874 2102 afflicta

9 2162 11 2179 ν
96 2135 200 2207 duplici
223 2137 373 2201 maestitia,
400 2138 452 2191 iter
474 2145 621 2192 retrorsum
642 2139 783 2209 porrigens
801 2138 874 2192 inter

43 2239 75 2280 10
96 2226 216 2282 subsitae
247 2227 378 2282 conuallis
408 2227 581 2282 sublucidum
598 2228 707 2283 lucum
742 2228 873 2299 prospicit

96 2318 191 2371 tanum
203 2317 306 2372 sollerti
319 2317 422 2372 fabrica
434 2325 576 2381 structum,
597 2336 647 2373 nec
665 2318 747 2373 ullam
759 2317 805 2372 uel
818 2318 873 2371 du-

9 2452 12 2459 .
95 2407 170 2461 biam
188 2407 246 2477 spei
264 2408 383 2462 melioris
401 2407 474 2461 uiam
492 2407 587 2462 uolens
600 2409 724 2463 omittere
737 2408 786 2463 sed
798 2408 872 2461 adire

152 2563 178 2605 19
189 2566 248 2605 eleus
258 2567 280 2606 in
291 2567 325 2606 his
337 2564 342 2616 Ι
353 2565 380 2608 20
387 2568 503 2608 sacrarium
511 2567 645 2608 miserandae
653 2566 772 2615 inducitl‘
784 2564 788 2616 Ι
801 2564 873 2607 lide·

93 2638 206 2678 limaeam
219 2634 224 2689 Ι
235 2636 262 2679 23
269 2644 331 2679 tauta
343 2635 348 2690 Ι
359 2637 386 2679 al
393 2635 537 2689 mee-ulmi?
544 2650 590 2678 mee
599 2649 633 2678 res
638 2649 663 2689 φ,
672 2639 695 2678 ul
703 2649 811 2689 superacr.
818 2635 845 2686 φ·
855 2641 865 2685 ΙΙ

93 2709 183 2751 ‹lledns
195 2706 199 2761 Ι
212 2710 267 2750 bone
282 2707 287 2762 Ι
305 2711 398 2762 bgratia
406 2708 428 2750 F
435 2711 518 2757 corn!
530 2707 535 2762 Ι
552 2709 672 2759 distisso:
688 2710 715 2750 de
725 2709 773 2750 lstls
789 2706 793 2761 Ι
811 2708 822 2747 7
833 2720 874 2759 op-

93 2784 146 2823 tlme
158 2779 163 2834 Ι
180 2780 205 2822 12
215 2782 342 2823 coomlttere
351 2780 372 2822 F
380 2783 463 2830 coras
