2244 3370
345 267 460 307 rsronn
478 268 514 308 nr
535 266 642 308 cvrroo
849 256 882 306 25

108 409 272 464 mendacio?
306 400 375 462 tunc
396 408 557 463 adulescens
578 408 659 462 modo
677 408 786 462 florenti
803 408 884 463 lanu·
905 353 924 395 v

74 511 88 551 5
110 501 176 571 gine
199 498 311 553 barbam
334 498 486 562 instruens,
512 516 585 553 nunc
607 506 696 553 aetate
713 499 803 553 media
820 516 886 553 can-

108 590 189 645 'denti
213 589 311 644 canitie
334 588 450 642 lucidus.
488 588 550 658 quis
573 588 633 653 ille,
660 607 740 659 quem
758 590 886 659 temporis

110 679 213 734 modici
231 679 347 748 spatium
362 678 506 747 repentina
523 685 632 731 senecta
648 678 826 732 reformauit?
847 680 886 732 nil
907 689 910 693 “

110 769 188 823 aliud
210 769 360 838 repperies,
388 768 425 820 mi
450 785 541 832 soror,
570 785 651 837 quam
677 768 722 822 uel
745 769 887 823 mendacia

110 861 192 913 istam
218 860 361 928 pessimam
383 858 511 911 feminam
534 857 690 927 confingere
711 858 756 911 uel
773 858 887 912 formam

54 957 88 1000 1⁰
110 949 202 1003 mariti
216 949 257 1002 sui
271 936 381 1002 nescire.
407 966 523 1018 quorum
535 955 627 1000 utrum
644 965 739 1002 uerum
755 957 805 1013 est,
826 950 887 1021 opi-

110 1041 164 1093 bus
182 1039 241 1092 istis
259 1039 473 1108 quamprimum
498 1039 702 1092 exterminanda
727 1047 775 1091 est.
813 1040 888 1109 quod

112 1130 136 1183 si
149 1129 202 1183 uiri
215 1129 257 1182 sui
270 1129 367 1183 faciem
378 1128 496 1197 ignorat,
517 1129 568 1182 deo
586 1128 708 1199 profecto
722 1129 849 1200 denupsit
861 1140 889 1184 et

112 1221 195 1274 deum
208 1218 287 1272 nobis
299 1218 494 1289 praegnatione
506 1219 558 1272 ista
570 1218 649 1287 gerit.
673 1228 745 1274 certe
763 1222 786 1274 si
800 1221 888 1274 diuini

111 1309 199 1382 puelli
210 1339 245 1348 -
257 1308 333 1378 quod
347 1307 432 1361 absit!
448 1337 479 1346 -
498 1308 565 1362 hoec
582 1316 667 1362 mater
686 1307 812 1372 audierit,
833 1313 889 1360 sta-

56 1411 91 1452 15
112 1400 164 1454 tim
183 1416 225 1452 me
244 1398 342 1468 laqueo
360 1397 444 1451 nexili
456 1399 628 1469 suspendam.
655 1416 720 1467 ergo
732 1398 842 1452 interim
854 1397 889 1451 ad

113 1496 241 1560 parentes
268 1495 376 1541 nostros
401 1488 544 1542 redeamus
571 1498 599 1543 et
624 1490 734 1542 exordio
759 1488 890 1542 sermonis

57 1624 60 1627 .
113 1579 197 1633 huius
215 1595 294 1649 quam
313 1577 469 1631 concolores
487 1577 608 1631 fallacias
626 1576 802 1632 adtexemus?

170 1668 213 1723 Sic
237 1668 434 1732 inflammatae,
463 1668 622 1738 parentibus
647 1669 819 1722 fastidienter
841 1686 890 1738 ap·
910 1664 940 1712 ¹7

115 1759 224 1830 pellatis
236 1765 264 1812 et
275 1764 353 1819 nocte
366 1757 482 1811 turbatis
495 1757 607 1827 uigiliis,
621 1759 743 1828 perditae
757 1758 890 1812 matutino

116 1847 259 1918 scopulum
276 1847 421 1918 peruolant
438 1855 465 1901 et
482 1847 546 1902 inde
564 1848 637 1901 soliti
658 1848 735 1901 uenti
755 1847 890 1918 praesidio

115 1937 293 1992 uehementer
311 1937 442 1991 deuolant
463 1938 634 2008 lacrimisque
656 1955 782 2008 pressura
798 1938 892 2009 polpe-
977 1932 979 1935 ’

80 2046 94 2085 5
116 2029 228 2082 brarum
241 2028 342 2081 coactis
353 2029 405 2082 hoc
418 2037 478 2082 astu
491 2029 610 2100 puellam
622 2028 759 2098 appellant
775 2025 814 2081 ‘tu
829 2027 892 2097 qui·

116 2119 180 2172 dem
198 2117 263 2171 felix
281 2125 310 2170 et
326 2118 386 2188 ipsa
397 2119 467 2172 tanti
479 2119 542 2174 mali
555 2119 710 2189 ignorantia
721 2118 802 2172 beata
814 2119 892 2173 sedes

115 2207 255 2261 incuriosa
272 2207 386 2275 periculi
403 2207 460 2272 tui,
485 2226 535 2262 nos
553 2217 658 2274 autem,
679 2226 748 2280 quoe
766 2208 893 2279 peruigili

116 2314 183 2351 cura
200 2297 283 2350 rebus
300 2296 355 2350 tuis
373 2297 553 2363 excubamus,
579 2299 701 2353 cladibus
723 2299 779 2352 tuis
796 2300 892 2352 misere

116 2412 272 2422 ——-—-

173 2488 186 2528 4
196 2487 319 2529 adolescens
332 2487 336 2539 Ι
355 2488 456 2538 dcanitie
474 2486 479 2538 1
498 2488 510 2529 8
521 2491 633 2532 mendacia
644 2492 821 2542 Oudendorpircs:
832 2502 893 2531 men·

116 2559 181 2599 dacio
191 2557 227 2608 ro
238 2560 375 2600 mendacium
386 2570 398 2605 ς
410 2556 415 2612 Ι
434 2560 460 2600 10
470 2559 588 2611 urrdlueric
598 2565 610 2601 e
621 2559 655 2615 ΡΙ
668 2563 691 2603 11
705 2566 790 2615 siquod
802 2560 806 2616 1
820 2564 844 2604 11
854 2574 895 2603 au-

116 2631 182 2671 dierit
192 2628 244 2679 ro.-
256 2628 384 2682 radierits‘
396 2628 400 2684 1
414 2632 438 2672 17
451 2626 547 2674 {colores
555 2633 574 2673 F
582 2634 605 2674 in
615 2646 684 2686 maro.
696 2639 717 2675 ct
726 2645 757 2684 p:
768 2635 849 2676 colores
858 2634 892 2686 ΓΙ

116 2703 216 2742 fallacias
227 2713 258 2751 p:
269 2702 377 2744 fallaciam
387 2707 397 2750 ΙΙ
410 2704 423 2744 4
433 2705 535 2746 clementi
547 2706 710 2756 Oudendorpinc
720 2707 838 2748 clementer
849 2707 895 2746 Hi-

116 2775 198 2816 caretis
208 2776 314 2816 uellentes
324 2775 511 2826 Bysrmlcrdtiua
523 2773 527 2829 1
539 2777 619 2865 paura·
