2244 3370
229 225 262 273 40
553 233 673 274 APVLEII

186 323 205 365 v
231 392 291 428 meo
322 375 426 444 gremio
456 375 575 428 nectarei
604 375 688 428 lontio
717 374 816 438 infeci,
847 382 1011 444 praetoton·
1031 385 1061 427 25

232 461 319 518 derit'.

180 560 211 609 31
284 554 327 608 Sic
346 554 427 608 effata
445 553 518 609 foras
537 571 595 608 oeae
613 554 728 626 proripit
745 554 846 608 inferta
863 561 891 608 et
903 561 1008 608 stoma-

231 646 309 699 chata
326 644 396 699 biles
413 643 553 698 Veneriae.
588 645 638 698 aed
655 661 714 699 eam
732 645 857 715 protinus
876 644 960 699 Ceres
978 652 1007 698 et

230 735 300 794 Iuno
324 734 520 788 continuantur
541 734 680 804 uitamque
698 734 778 789 uultu
795 734 901 788 tumido
919 752 1004 804 quae-

231 826 309 889 siere,
330 842 378 878 cur
395 825 465 878 truci
484 824 627 894 supercilio
645 832 750 878 tantam
767 832 940 879 uenustatem
951 825 1004 892 mi·

230 914 350 968 cantium
369 914 508 968 oculorum
526 918 681 968 coerceret?
716 923 745 968 at
766 914 813 969 illa
828 911 1000 985 ‘opportune’
1025 930 1039 969 5

229 1004 319 1073 inquit
333 1002 451 1058 ‘ardenti
469 1021 578 1074 prorsus
596 1004 649 1058 isto
663 1021 724 1059 meo
737 1004 840 1075 pectori
852 1004 1003 1059 nolentiam

230 1094 332 1148 scilicet
349 1102 551 1164 perpetraturae
569 1094 677 1148 uenitis.
712 1095 762 1149 aed
777 1095 853 1159 totis,
874 1111 931 1159 oro,
952 1111 1003 1148 ue·

230 1185 292 1238 stria
315 1184 420 1237 uiribus
441 1184 566 1255 Psychen
589 1183 663 1239 illam
687 1184 831 1254 fugitiuum
855 1184 1002 1238 uolaticam

228 1274 295 1328 mihi
313 1273 449 1343 requirite.
471 1291 521 1328 nec
540 1274 612 1327 enim
629 1292 679 1328 uos
697 1273 790 1344 utique
809 1275 905 1328 domno
923 1291 1000 1329 meae

229 1365 333 1418 famosa
345 1362 439 1417 fabula
452 1371 479 1417 et
491 1381 547 1417 non
560 1363 669 1418 dicendi
682 1363 731 1418 filii
749 1364 803 1417 mei
820 1364 893 1418 lacta
910 1364 1000 1419 latue-
1022 1374 1052 1416 to

228 1451 310 1509 runt'.
329 1462 395 1508 tunc
407 1453 470 1507 illae
481 1453 602 1522 ignarae,
622 1461 781 1524 quaegesta
796 1461 868 1518 sunt,
887 1454 999 1525 palpare

228 1545 343 1599 Veneris
365 1543 433 1598 iram
455 1544 622 1598 saeuientem
644 1544 682 1598 tic
707 1545 818 1598 adortae
838 1542 917 1613 ‘quid
933 1544 999 1609 tale,

229 1636 352 1699 domina,
379 1633 494 1703 deliquit
515 1641 579 1687 tuus
602 1633 674 1687 lilius
697 1641 728 1688 ut
749 1634 840 1688 animo
863 1634 1002 1703 peruicaci

227 1722 382 1792 uoluptates
401 1723 473 1778 illius
491 1724 644 1795 impugner,
664 1731 692 1777 et
707 1740 787 1793 quam
804 1723 849 1777 ille
863 1723 954 1793 diligit
969 1731 1002 1777 tu

227 1830 333 1883 quoque
357 1814 470 1885 perdere
494 1814 614 1884 gestias?
648 1813 722 1882 qnod
745 1821 852 1878 autem,
878 1830 997 1879 oramus,
1021 1828 1051 1869 to

226 1903 272 1957 isti
296 1903 412 1969 crimen,
439 1905 462 1958 ai
485 1903 591 1974 puellae
615 1903 721 1973 lepidae
744 1903 861 1958 libe'nter
882 1903 1001 1958 adrisit?

227 2010 262 2047 an
280 1994 388 2063 ignoras
407 2011 469 2048 eum
487 1993 636 2047 marculum
655 2000 682 2047 et
702 1992 830 2047 iuuenem
853 2009 926 2058 ease,
953 1994 999 2048 uel

227 2090 298 2136 certe
316 2084 371 2137 iam
389 2091 455 2154 quot
473 2083 508 2137 sit
526 2100 660 2137 annorum
679 2083 765 2137 oblita
782 2087 831 2137 esi
859 2101 904 2148 an,
925 2084 1001 2153 quod

226 2180 342 2227 aetatem
355 2181 447 2243 portat
461 2172 571 2237 bellule,
591 2189 658 2242 puer
675 2172 726 2226 tibi
745 2189 850 2242 semper
868 2173 999 2228 uidetur?

279 2424 291 2466 2
302 2426 389 2466 cereceti
400 2436 443 2465 uno
453 2423 475 2465 F
481 2433 538 2477 pem
549 2439 577 2459 a·
589 2435 632 2464 uno
637 2448 646 2474 ,
663 2423 739 2463 detrude
748 2434 807 2464 ceree
817 2423 835 2463 dr
844 2425 900 2464 luno
909 2427 928 2474 s
938 2436 998 2466 cereo

224 2504 247 2538 et
257 2498 336 2545 innon
357 2493 361 2548 Ι
382 2495 558 2542 3οοιηὶϊαιιωτς
577 2494 834 2536 contuemurmcoaelta
855 2491 859 2546 Ι
880 2495 997 2549 θῑίωἰάοΙ
1104 2472 1105 2563 Ι

225 2572 237 2611 5
248 2575 352 2620 oportune
365 2564 369 2619 Ι
381 2569 393 2609 d
404 2569 522 2609 nolentiam
534 2566 681 2607 Marklandm
691 2566 720 2607 od
731 2566 800 2607 orarit
808 2566 859 2607 cilo.
870 2565 921 2617 111,
928 2565 949 2616 2,
958 2566 997 2608 tt.-
1104 2566 1105 2579 ¹

224 2641 351 2683 uiolentiam
373 2636 377 2694 Ι
400 2641 423 2681 ll
439 2638 649 2692 gnaraeBeroaldaa
669 2635 673 2692 Ι
695 2638 721 2678 13
736 2638 868 2688 deliquiis:
882 2635 995 2689 deliquid!

224 2714 251 2757 16
261 2713 334 2765 lepide
346 2710 351 2762 Ι
362 2714 461 2763 arrisits
478 2709 482 2764 Ι
505 2712 529 2753 19
540 2716 619 2753 etatem
633 2707 637 2763 Ι
648 2710 730 2752 uellule
739 2708 776 2759 Fu
786 2720 843 2750 corr.
855 2708 887 2759 p·
935 2747 939 2761 ,
