2244 3370
234 197 266 249 34
556 203 678 245 sennan

187 294 205 335 v

232 348 306 419 quod
327 346 449 418 profecto
473 346 621 417 prudentes
638 344 692 399 uiri
710 344 911 398 diuinationem
929 352 1011 399 autu·
1032 354 1065 396 2⁰

232 447 322 504 mant,
353 438 386 492 ab
414 437 467 490 isto
493 436 630 490 titubante
657 444 686 490 et
711 435 820 505 saepius
847 433 1011 489 uaccillante
1107 448 1108 537 q

234 528 350 597 uestigio
369 527 456 598 deque
479 526 565 580 nimio
589 525 692 596 pallore
713 524 834 595 corporis
853 531 881 578 et
898 524 1011 579 assiduo

234 618 381 689 suspiratu,
404 617 487 672 immo
506 625 533 670 et
550 616 618 687 ipsis
635 616 819 670 maerentibus
837 614 924 669 oculis
941 615 1010 681 tuis,

233 726 324 763 amore
347 707 431 761 nimio
450 706 565 761 laboras.
604 722 669 775 ergo
686 705 754 759 mihi
772 704 896 759 ausculta
912 721 964 758 nec
982 712 1011 758 te
1108 748 1109 769 2

233 816 325 855 rursus
355 796 516 868 praecipitio
545 796 591 850 uel
619 795 676 850 ullo
702 794 798 849 mortis
824 794 955 850 accersito
982 803 1012 849 te
1031 810 1062 852 25
1108 828 1109 867 ς

235 905 334 959 genere
352 887 477 958 perimas.
502 886 606 940 luctum
619 885 713 940 desine
725 894 753 940 et
764 901 836 956 pone
847 901 1009 950 maerorem,
1108 914 1109 921 κ

234 979 413 1051 precibusque
437 976 528 1047 potius
548 975 713 1046 Cupidinem
730 976 844 1030 deorum
861 974 1012 1029 maximum

235 1069 358 1141 percole,
383 1076 411 1122 et
428 1074 524 1138 utpote
544 1065 745 1121 adulescentem
764 1066 909 1123 delicatum
926 1068 1012 1122 luxu·

234 1160 390 1229 riosumque
408 1157 516 1212 blandis
533 1156 670 1226 obsequiis
688 1154 859 1227 promerere’.

166 1274 218 1325 ‚26
288 1253 332 1308 Sic
350 1254 441 1307 locuto
459 1251 513 1305 deo
529 1259 637 1321 pastore
654 1250 784 1321 nulloque
803 1270 927 1307 sermone
944 1254 1011 1307 red·

236 1344 295 1399 dito
318 1343 367 1398 sed
390 1342 502 1397 adorato
522 1348 629 1396 tantum
647 1340 758 1396 numine
776 1342 888 1396 salutari
904 1343 1011 1414 Psyche

236 1434 325 1506 perm‘t
348 1434 396 1488 ire.
433 1432 483 1487 sed
497 1464 508 1485 s
527 1422 644 1501 Quam
660 1431 776 1486 multum
793 1433 856 1488 uiae
873 1433 1012 1488 laboranti

235 1524 353 1594 uestigio
376 1529 553 1594 pererrasset,
579 1521 666 1576 inscio
683 1523 801 1592 quodam
823 1524 931 1578 tramite
955 1524 1014 1578 iam

237 1616 281 1671 die
304 1615 413 1669 labente
435 1612 540 1667 accedit
562 1611 698 1681 quandam
720 1613 875 1679 ciuitatem,
903 1614 933 1668 in
957 1630 1046 1684 quae

235 1722 349 1776 regnum
367 1704 480 1758 maritus
496 1702 578 1757 unius
596 1702 695 1757 sororis
712 1703 771 1758 eius
783 1704 934 1774 optinebat.
955 1721 1012 1775 qua

236 1813 265 1851 re
295 1794 405 1865 cognita
433 1793 537 1865 Psyche
573 1792 694 1847 nuntiari
722 1795 903 1864 praesentiam
931 1812 1012 1850 suam

237 1887 322 1942 sorori
339 1885 488 1948 desiderat,
512 1901 576 1938 mox
592 1883 705 1937 inducta
720 1885 823 1938 mutuis
840 1884 1012 1955 amplexibus

237 1977 357 2031 alternae
380 1975 551 2030 salutationis
574 1974 689 2044 expletis
715 1975 887 2044 percontanti
914 1992 1013 2030 causae

237 2067 372 2121 aduentus
392 2066 434 2120 sui
452 2065 490 2119 sic
506 2063 604 2134 incipit
624 2060 783 2118 ‘meministi
801 2065 946 2119 consilium
959 2082 1011 2120 ue-
1033 2083 1062 2124 ra

238 2164 332 2221 strum,
352 2155 455 2210 scilieet
467 2172 520 2224 quo
532 2153 599 2207 mihi
614 2153 738 2207 suasistis
750 2162 782 2208 ut
793 2155 919 2219 bestiam,
940 2172 1011 2224 quae

237 2246 329 2302 mariti
352 2244 467 2300 mentito
486 2244 595 2298 nomine
613 2260 719 2297 mecum
737 2244 908 2314 quiescebat,
934 2246 1013 2316 prius

293 2420 320 2463 20
330 2422 444 2472 prodentes
452 2429 558 2470 saperem.
569 2431 611 2469 pru
620 2417 642 2458 F
651 2415 655 2471 Ι
672 2417 695 2459 21
707 2418 779 2469 sepius
800 2416 805 2471 Ι
822 2419 848 2461 2³
858 2421 993 2462 merentibus
1006 2425 1011 2473 Ι

238 2493 265 2536 26
280 2505 382 2534 merorem
404 2491 408 2543 Ι
428 2491 455 2534 28
469 2491 627 2532 adolescentem
645 2493 655 2538 ΙΙ
678 2488 791 2532 ἳιιοωίηο
812 2490 818 2544 Ι
839 2491 939 2543 auique
954 2491 1011 2542 120:

239 2560 357 2617 {lquis'
371 2564 408 2606 ubi
423 2564 517 2617 aliquem
537 2563 632 2604 Vossius
651 2575 698 2605 cnm
714 2564 808 2615 aliquam
825 2563 954 2604 Gronouiea.
975 2576 1012 2605 ee-

239 2639 291 2681 dulo
301 2626 364 2690 quom
375 2636 510 2678 Frosbnmu
517 2635 596 2688 pailet.
608 2634 653 2677 XX
664 2647 689 2687 p.
700 2634 740 2677 lid
752 2631 756 2687 Ι
767 2636 804 2676 uie
813 2634 834 2675 Γ
842 2633 915 2686 ujes‘
929 2637 966 2676 nie
976 2647 993 2686 φ
1006 2636 1011 2687 Ι

239 2713 252 2752 b
262 2712 296 2752 die
305 2712 393 2752 labente
403 2710 509 2752 Bormiae
518 2709 547 2750 od
559 2709 627 2749 Statii
640 2707 703 2748 racc.
713 2706 735 2756 1,
747 2707 801 2747 559:
815 2707 930 2747 delabente
