2244 3370
252 264 283 313 16
575 273 692 315 arvrun

208 357 227 399 V

248 425 343 485 tesque
356 415 468 485 parilem
481 433 578 469 sonum
590 416 761 470 resultarent.
788 416 897 485 iamque
911 417 1023 470 nomine
1045 433 1058 470 5

248 506 357 575 proprio
376 523 496 559 sororem
508 506 634 559 miseram
646 506 764 568 ciebant,
785 505 876 575 quoad
892 523 959 559 sono
972 525 1023 576 pe·
1109 512 1110 529 ¹

250 596 377 650 netrabili
395 596 471 649 uocis
490 596 629 650 ululabilis
641 613 690 666 per
702 613 788 665 prona
801 595 913 665 delapso
926 613 1023 650 amens

250 695 277 740 et
288 686 395 755 trepida
404 686 510 756 Psyche
522 686 658 756 procurrit
670 703 684 738 e
698 685 778 739 domo
792 693 819 738 et
827 682 917 755 ‘quid’
932 685 1025 756 inquit

247 773 308 829 ‘uos
326 776 431 829 miseris
448 775 689 829 lamentationibus
702 775 868 845 nequiquam
880 774 1024 844 affligitis?

251 883 332 936 quam
350 865 459 934 lugetis,
480 866 584 919 adsum.
616 865 746 934 lugubres
763 882 846 919 uoces
865 865 983 919 desinite
996 878 1024 920 et
1045 881 1074 920 10

252 955 365 1009 diutinis
384 955 501 1009 lacrimis
519 956 660 1009 madentes
678 972 762 1025 genas
781 956 880 1009 siccate
899 956 1021 1017 tandem,

252 1046 352 1116 quippe
375 1064 437 1099 cum
459 1046 514 1097 iam
537 1045 648 1115 possitis
672 1064 754 1115 quam
772 1045 945 1116 plangebatis
963 1064 1023 1100 am-

252 1132 351 1206 plecti'
383 1142 449 1189 tunc
468 1142 595 1189 uocatum
613 1136 768 1207 Zephyrum
786 1136 924 1205 praecepti
942 1135 1024 1189 mari·

251 1225 314 1279 talis
327 1226 464 1280 admonet.
496 1243 546 1279 nec
559 1243 644 1289 mora,
665 1244 727 1279 cum
739 1225 783 1279 ille
796 1243 895 1296 parens
908 1226 1023 1296 imperio

251 1316 343 1370 statim
360 1315 578 1369 clementissimis
596 1315 706 1369 flatibus
724 1316 835 1369 innoxia
847 1323 959 1370 uectura
972 1316 1025 1369 de·
1045 1328 1074 1368 15

251 1414 341 1476 portat
359 1405 428 1458 illas.
466 1406 519 1458 iam
537 1405 639 1458 mutuis
657 1405 826 1476 amplexibus
844 1414 871 1459 et
888 1406 1024 1460 festinan-

251 1495 325 1548 tibus
343 1495 426 1548 sauiis
445 1512 503 1547 sese
516 1496 694 1565 perfruuntur
706 1495 807 1549 stillae
819 1495 929 1549 sedatae
942 1495 1025 1549 lacri-

251 1602 310 1638 mae
328 1583 496 1655 postliminio
514 1586 631 1638 redeunt
642 1585 811 1655 prolectante
823 1584 934 1654 gaudio.
963 1583 1025 1639 ‘sed

252 1683 279 1728 et
296 1671 410 1728 tectum'
430 1675 520 1744 inquit
535 1672 575 1729 ‘et
591 1674 675 1728 larem
693 1685 816 1730 nostrum
827 1675 914 1730 laetae
928 1693 1024 1729 succe-

253 1766 308 1819 dite
322 1772 349 1818 et
361 1763 475 1819 afflictas
485 1766 589 1819 animas
600 1783 661 1819 cum
668 1765 772 1835 Psyche
782 1772 873 1818 uestra
883 1763 1022 1819 recreate?
1044 1775 1075 1817 to

217 1857 233 1906 8
252 1855 290 1908 sic
313 1855 430 1909 allocuta
453 1872 570 1909 summas
592 1872 658 1925 opes
679 1856 775 1908 domus
794 1872 891 1909 aureae
909 1872 1025 1909 uocum-

252 1963 304 2015 que
328 1945 505 2000 seruientium
528 1945 687 2016 populosam
706 1946 837 1999 familiam
856 1945 1026 2000 demonstrat

252 2035 363 2088 auribus
383 2052 474 2087 earum
487 2035 649 2105 lauacroque
662 2035 843 2105 pulcherrimo
856 2042 884 2089 et
896 2036 1024 2089 inhuma-

252 2142 303 2178 nae
318 2141 427 2178 mensae
439 2125 554 2178 lautitiis
573 2142 619 2178 eas
632 2125 743 2195 opipare
756 2126 852 2189 reficit,
872 2133 904 2178 ut
915 2125 1025 2180 illarum

252 2231 361 2284 prorsus
379 2214 536 2268 caelestium
555 2214 712 2268 diuitiarum
736 2216 822 2286 copiis
845 2215 1024 2269 affluentibus
1045 2225 1058 2264 5
1109 2260 1110 2291 ἑ

252 2305 364 2359 satiatae
376 2307 430 2358 iam
443 2304 609 2375 praecordiis
622 2305 722 2375 penitis
733 2306 869 2359 nutrirent
878 2305 1022 2359 inuidiam.

306 2486 413 2528 tmiserts
422 2489 475 2537 so:
492 2488 565 2528 mtserl
576 2485 581 2540 Ι
593 2489 759 2539 necquicquam
771 2489 775 2541 Ι
789 2489 813 2530 13
824 2489 932 2538 zephirum
945 2486 949 2539 Ι
961 2500 1027 2538 prae·

253 2559 311 2609 cepti
321 2556 363 2606 s*.·
380 2561 499 2610 praeceptis
515 2556 520 2609 Ι
538 2560 563 2601 11
576 2562 635 2601 mort
645 2571 709 2600 aare
719 2559 798 2601 lineola
816 2558 821 2611 Ι
839 2560 864 2599 17
874 2560 940 2601 sabiis
952 2556 957 2612 Ι
973 2573 1026 2611 per·

253 2632 356 2672 fruuntur
366 2630 420 2681 ro:
430 2633 574 2682 perfruuntur
585 2631 616 2680 s*
626 2633 764 2683 perfluantur
773 2631 804 2682 φ·
817 2629 823 2685 Ι
833 2631 920 2672 lacrima
932 2627 936 2683 Ι
949 2632 975 2672 18
986 2635 1027 2674 red

253 2707 274 2743 et
285 2702 331 2743 Fl:
348 2703 385 2743 sed
404 2701 409 2755 Ι
427 2704 452 2745 19
462 2704 506 2755 lete
524 2706 534 2750 Ι
555 2705 670 2755 llocumq;
689 2701 694 2757 Ι
711 2703 855 2753 11511511ίῆ·
866 2683 926 2746 renel
945 2702 949 2755 Ι
967 2704 1028 2746 bsa-

252 2775 306 2814 riate
318 2771 323 2827 Ι
334 2774 414 2824 penitis
423 2784 448 2821 ς.·
459 2776 545 2825 penitus
