2244 3370
220 237 222 240 ’
240 249 269 297 12
567 257 687 298 srvnnn

198 341 217 383 V
238 399 298 463 luit,
311 400 424 469 uisoque
438 398 530 453 statim
542 399 666 469 proximo
676 399 861 452 semirotundo
870 407 1013 467 suggestu,

239 499 350 560 propter
373 490 586 545 instrumentum
611 489 794 543 caenatorium
818 498 876 541 rata
898 489 1015 543 refectui
1036 506 1050 545 5

240 598 289 634 suo
303 580 484 644 commodum,
497 579 587 632 libens
599 578 742 633 accumbit.
764 585 791 632 et
803 577 866 632 ilico
877 577 937 632 uini
950 596 1016 632 nec-

240 672 310 724 tarei
329 670 504 740 eduliumque
522 670 660 722 uariorum
680 668 782 722 fercula
805 667 915 738 copiosa
939 669 1015 722 nullo

241 761 378 815 seruiente
398 760 447 813 sed
461 768 569 813 tantum
582 759 679 829 spiritu
691 759 809 828 quodam
822 758 937 828 impulsa
949 759 1017 812 sub-

240 851 438 904 ministrantur.
478 867 528 902 nec
553 866 717 920 quemquam
740 856 831 901 tamen
855 848 902 901 illa
920 848 1016 902 uidere

241 950 357 1011 poterat,
378 941 426 994 sed
443 941 528 994 uerba
545 950 652 992 tantum
670 938 800 992 audiebat
817 938 973 992 excidentia
988 947 1016 992 et
1039 953 1067 992 rc

242 1031 312 1085 solas
330 1048 412 1085 uoces
431 1030 545 1084 famulas
561 1030 690 1083 habebat.
728 1035 790 1098 post
808 1029 911 1098 opimas
930 1028 1015 1098 dapes

241 1121 351 1191 quidam
374 1120 528 1174 introcessit
550 1127 578 1172 et
602 1119 724 1173 cantauit
747 1119 869 1182 inuisus,
894 1126 922 1172 et
944 1119 1015 1173 alius

241 1211 373 1266 citharam
391 1211 520 1280 pulsauit,
541 1227 611 1279 quae
629 1209 775 1263 uidebatur
793 1226 842 1262 nec
859 1210 926 1280 ipsa.
947 1221 1015 1263 tunc

241 1302 396 1356 modulatae
420 1300 604 1354 multitudinis
628 1300 751 1354 conferta
775 1318 829 1353 uox
853 1317 932 1353 aures
955 1301 1015 1354 eius

242 1391 368 1456 affertur,
397 1398 442 1455 ut,
471 1390 596 1461 quamuis
622 1389 762 1442 hominum
789 1407 868 1443 nemo
894 1400 1012 1461 pareret,
1038 1399 1066 1438 15

207 1482 340 1535 lchorus
363 1492 455 1536 tamen
479 1498 537 1534 esse
560 1488 673 1550 pateret.
712 1479 797 1533 finitis
823 1480 1015 1551 uoluptatibus

241 1590 355 1642 uespera
373 1571 504 1625 suadente
523 1570 649 1624 concedit
660 1570 765 1640 Psyche
784 1571 914 1624 cubitum.
944 1571 1014 1624 iam·
1114 1552 1115 1629 l

242 1681 294 1732 que
313 1668 443 1733 prouecta
461 1669 540 1714 nocte
559 1660 676 1713 clemens
695 1660 805 1731 quidam
824 1679 907 1714 sonus
933 1679 1015 1716 aures

242 1753 300 1807 eius
318 1752 431 1806 accedit.
459 1761 525 1805 tunc
543 1749 695 1820 uirginitati
715 1767 779 1804 suae
796 1769 844 1821 pro
858 1761 935 1805 tanta
947 1751 1015 1804 soli·

241 1844 337 1897 tudine
355 1851 480 1896 metuens
498 1849 525 1894 et
548 1848 631 1911 pauet
655 1848 682 1894 et
704 1839 840 1894 horrescit
863 1850 890 1894 et
914 1841 1014 1911 quouis
1035 1855 1049 1893 5

240 1934 312 1987 malo
336 1932 397 2003 plus
419 1932 497 1985 timet
521 1931 595 2001 quod
622 1931 738 1999 ignorat.
781 1931 888 2001 iamque
918 1931 1014 1986 aderet

241 2022 371 2093 ignobilis
389 2021 501 2076 maritus
520 2028 547 2074 et
563 2029 653 2074 torum
671 2020 844 2074 inscenderet
861 2030 889 2073 et
899 2038 1014 2074 uxorem

241 2160 395 2174 —b—

296 2251 307 2290 l
318 2249 466 2289 semirutondc
476 2247 497 2287 F
504 2246 647 2287 semirotondo
653 2248 671 2296 s
679 2247 684 2298 Ι
696 2248 708 2287 5
718 2254 843 2297 cenaturum
855 2246 860 2296 Ι
871 2248 927 2288 Rata
938 2247 958 2286 F
965 2253 1013 2288 rato

240 2323 275 2363 ael
284 2319 367 2371 ratas!
380 2301 483 2361 er'esectui
493 2318 514 2358 F
522 2330 579 2358 corr,
586 2320 604 2366 s
612 2316 616 2370 Ι
633 2317 645 2356 7
656 2319 777 2369 eduliumq3
791 2316 795 2368 Ι
807 2321 868 2361 nullo
878 2319 933 2368 Fa.-
949 2320 1012 2360 nulla

235 2394 265 2444 s*
282 2392 287 2445 1
304 2395 316 2433 ll
327 2394 414 2444 quiqui
423 2390 444 2430 F
453 2400 576 2442 quenquam
586 2389 607 2429 F
612 2387 618 2416 ¹
631 2386 636 2440 1
651 2391 674 2429 lll
684 2391 743 2430 auris
753 2391 855 2432 audiebat
867 2391 983 2431 Michaelis
994 2387 999 2442 Ι

169 2452 176 2465 '
239 2466 359 2508 accidentia
371 2464 476 2505 Heinsius
488 2462 492 2510 l
514 2462 536 2502 13
547 2464 630 2503 cithara
640 2473 671 2512 q:
682 2463 766 2503 cithara
776 2461 810 2516 ΡΙ
823 2464 954 2504 uidebantur
964 2463 1011 2502 ,lli-

239 2539 320 2580 clmelia
337 2534 340 2591 Ι
358 2549 413 2589 quae
424 2547 466 2576 non
483 2536 622 2586 uidebantur,
639 2547 678 2574 nec
689 2533 777 2585 ipses!
797 2536 820 2576 ll
831 2536 942 2585 modulate
952 2534 985 2574 F:
1003 2546 1010 2574 r

239 2610 304 2652 modu
314 2610 383 2650 deleto
392 2607 474 2659 lates*
493 2606 497 2659 Ι
515 2618 578 2647 aures
588 2616 618 2656 q:
629 2619 695 2646 aum
707 2605 804 2658 Faurib3
817 2606 847 2656 J·
863 2603 868 2659 Ι
885 2607 911 2648 tc
922 2612 946 2648 ut
955 2605 1010 2656 na:

238 2690 260 2725 et
266 2683 295 2733 s*
309 2687 320 2732 ΙΙ
338 2683 349 2724 3
361 2684 454 2723 clemens
464 2691 480 2729 φ
491 2680 514 2719 in
524 2680 636 2728 maraine:
647 2680 733 2723 demens
742 2678 781 2727 Fu>
793 2676 797 2730 Ι
810 2680 909 2720 taceidit
918 2681 982 2729 uum
994 2677 999 2731 Ι

238 2759 251 2799 5
263 2764 361 2798 metuens
372 2753 420 2805 as'
430 2757 452 2793 ct
461 2756 486 2792 ut
496 2750 583 2791 uidetur
592 2750 614 2790 F
