2244 3370
231 221 245 270 8
554 226 673 270 srvnan

183 313 214 357 Ν
231 370 390 441 producitur
407 370 503 435 funus,
530 378 558 422 et
574 369 716 424 lacrimosa
732 369 835 440 Psyche
860 370 1004 424 comitatur
1025 384 1038 423 5

231 478 287 514 non
305 460 413 530 nuptias
432 460 480 513 sed
499 460 639 530 exsequias
659 477 728 513 suas.
767 477 797 513 ac
819 461 885 514 dum
909 461 1004 514 maesti

231 559 358 621 parentes
380 557 408 603 et
431 557 507 603 tanto
531 550 602 603 malo
625 549 721 620 perciti
746 549 880 604 nefarium
898 550 1005 615 facinus

231 641 359 712 perficere
378 647 550 704 cunctantur,
570 640 629 710 ipsa
646 639 692 693 illa
710 639 765 694 fllia
782 639 882 694 talibus
896 659 943 694 eos
955 641 1005 694 ad·

231 732 355 785 hortatur
378 730 492 784 uocibus
525 728 601 800 ‘quid
624 730 762 784 infelicem
783 739 920 785 senectam
938 729 1005 784 fletu

233 821 339 875 diutino
359 820 503 874 cruciatis?
521 820 587 891 quid
600 820 724 890 spiritum
735 829 866 883 uestrum,
886 821 934 890 qui
946 838 1005 874 ma-
1026 829 1056 870 ¹0

232 912 274 980 gis
298 928 384 973 meus,
399 917 455 975 est,
482 909 582 963 crebris
608 910 754 965 eiulatibus
777 904 917 979 fatigatis?
937 909 1006 979 quid

232 1001 349 1056 lacrimis
372 1000 559 1054 inefficacibus
583 1017 630 1053 ora
653 999 719 1053 mihi
737 1000 893 1054 ueneranda
909 999 1000 1052 foeda·

232 1091 286 1146 tis?
310 1091 376 1160 quid
394 1091 517 1144 laceratis
534 1090 564 1142 in
582 1091 680 1143 uestris
699 1090 784 1144 oculis
802 1107 863 1143 mea
884 1089 1006 1143 lumina?

233 1181 298 1252 quid
317 1180 443 1234 canitiem
462 1180 603 1234 scinditis?
621 1181 688 1251 quid
705 1187 823 1250 pectora,
844 1179 909 1249 quid
920 1180 1006 1233 ubera
1094 1220 1102 1241 ,

234 1278 327 1325 sancta
348 1271 482 1324 tunditis‘l
512 1271 577 1323 haec
602 1277 666 1323 sunt
689 1269 769 1323 uobis
796 1270 921 1338 egregiae
947 1269 1058 1322 lor-15
1090 1312 1099 1329 ‚

233 1362 386 1415 monsitatis
404 1377 480 1414 meae
491 1358 629 1430 praeclara
639 1361 767 1429 praemia.
796 1359 916 1413 inuidiae
929 1360 1007 1413 nefa-

233 1451 288 1505 riae
306 1449 380 1504 letali
397 1450 477 1521 plaga
488 1449 608 1518 percussi
621 1467 680 1502 sero
694 1450 809 1503 sentitis.
835 1467 897 1503 cum
911 1457 1008 1517 gentes

234 1548 262 1594 et
279 1541 373 1612 populi
389 1539 559 1593 celebrarent
578 1556 627 1592 nos
646 1539 747 1593 diuinis
764 1540 924 1603 honoribus,
945 1558 1006 1593 cum

235 1648 334 1685 nouam
357 1648 400 1684 me
424 1629 558 1682 Venerem
581 1646 628 1681 ore
657 1647 777 1683 consono
806 1638 1005 1700 nuncuparent,

234 1728 300 1775 tunc
315 1721 416 1784 dolere,
428 1727 494 1773 tunc
506 1719 579 1783 flere,
591 1726 658 1772 tunc
670 1737 713 1773 me
725 1719 779 1772 iam
792 1720 869 1791 quasi
881 1737 1004 1790 peremp-
1027 1731 1059 1773 aa

235 1821 290 1865 tam
308 1811 401 1879 lugere
420 1810 559 1864 debuistis.
588 1809 642 1863 iam
661 1809 758 1874 senti0,
779 1810 832 1863 iam
850 1809 931 1863 uideo
949 1810 1008 1863 solo

235 1918 278 1955 me
297 1901 406 1954 nomine
425 1899 539 1954 Veneris
556 1901 668 1969 perisse.
693 1900 785 1953 ducite
797 1917 840 1952 me
853 1907 881 1952 et
893 1900 936 1953 cui
950 1917 1008 1954 sors

236 1990 341 2044 addixit
353 1990 463 2060 scopulo
476 1990 572 2043 sistite.
597 1989 697 2043 festino
710 1989 803 2043 felices
815 1989 881 2043 istas
899 1990 1008 2060 nuptias

236 2080 327 2143 obire,
356 2080 457 2134 festino
482 2096 644 2147 generosum
668 2078 745 2132 illum
768 2080 893 2133 maritum
917 2097 1008 2133 meum

236 2169 339 2223 uidere.
368 2169 436 2240 quid
448 2168 553 2232 differo,
568 2169 635 2240 quid
647 2169 767 2222 detrecto
780 2170 946 2234 uenientem,
961 2169 1008 2240 qui
1029 2176 1061 2219 25

237 2260 321 2314 totius
340 2260 413 2313 orbis
432 2259 514 2312 exitio
534 2267 614 2312 natus
633 2254 702 2312 est‘l’

186 2352 218 2403 35
288 2349 332 2403 Sic
357 2349 463 2419 profata
489 2349 566 2417 uirgo
593 2349 724 2403 conticuit
749 2350 928 2420 ingressuque
954 2348 1008 2403 iam

291 2505 376 2548 dmesti
388 2504 393 2559 Ι
409 2506 545 2547 Sadortatur
561 2505 566 2558 Ι
584 2504 609 2546 12
617 2506 698 2556 fedatis
716 2502 721 2559 Ι
739 2507 765 2548 15
774 2507 827 2547 haee
838 2512 889 2548 sunt
899 2498 1009 2547 Iahnius:

237 2580 290 2619 haec
300 2582 364 2619 erunt
374 2577 399 2619 F.
409 2590 440 2619 aa
449 2579 516 2619 haece
526 2577 595 2620 sunt?
606 2576 611 2630 Ι
623 2578 708 2631 egregie
721 2574 725 2631 Ι
742 2579 767 2619 17
777 2579 839 2629 letali
856 2576 861 2630 Ι
878 2580 1010 2632 gentesjcr

237 2662 302 2702 genas
311 2649 332 2689 F
341 2649 388 2701 (sic)
400 2647 406 2702 1
422 2649 449 2692 lb
459 2661 485 2702 g*
495 2650 564 2691 totius
574 2648 683 2699 orblss*.·
697 2651 726 2704 qd
737 2651 792 2691 otior
802 2652 859 2691 orbis
869 2648 1008 2699 lorbltlaFi)

237 2721 292 2771 Flo
311 2726 321 2770 ΙΙ
341 2723 348 2762 t
361 2723 471 2774 ingresuq3
483 2721 504 2762 1?
509 2722 594 2769 eom!
