<?xml version="1.0" encoding="UTF-8"?>
<!DOCTYPE html PUBLIC "-//W3C//DTD XHTML 1.0 Transitional//EN"
    "http://www.w3.org/TR/xhtml1/DTD/xhtml1-transitional.dtd">
<html xmlns="http://www.w3.org/1999/xhtml" xml:lang="en" lang="en">
 <head>
  <title>
</title>
<meta http-equiv="Content-Type" content="text/html;charset=utf-8" />
  <meta name='ocr-system' content='tesseract 3.04.00' />
  <meta name='ocr-capabilities' content='ocr_page ocr_carea ocr_par ocr_line ocrx_word'/>
</head>
<body>
  <div class='ocr_page' id='page_1' title='image "apvleiipsycheet00jahngoog_0038.png"; bbox 0 0 2244 3370; ppageno 0'>
   <div class='ocr_carea' id='block_1_1' title="bbox 335 283 868 332">
    <p class='ocr_par' dir='ltr' id='par_1_1' title="bbox 335 283 868 332">
     <span class='ocr_line' id='line_1_1' title="bbox 335 283 868 332; baseline 0 -2"><span class='ocrx_word' id='word_1_1' title='bbox 335 290 447 331; x_wconf 80' lang='lat' dir='ltr'>PSYCHE</span> <span class='ocrx_word' id='word_1_2' title='bbox 465 291 502 331; x_wconf 84' lang='lat' dir='ltr'>ET</span> <span class='ocrx_word' id='word_1_3' title='bbox 523 290 629 332; x_wconf 81' lang='lat' dir='ltr'>CVPIDO</span> <span class='ocrx_word' id='word_1_4' title='bbox 838 283 868 331; x_wconf 86' lang='grc'>15</span> 
     </span>
    </p>
   </div>
   <div class='ocr_carea' id='block_1_2' title="bbox 100 374 909 498">
    <p class='ocr_par' dir='ltr' id='par_1_2' title="bbox 100 374 909 498">
     <span class='ocr_line' id='line_1_2' title="bbox 891 374 909 416; baseline 0 0"><span class='ocrx_word' id='word_1_5' title='bbox 891 374 909 416; x_wconf 88' lang='lat' dir='ltr'>V</span> 
     </span>
     <span class='ocr_line' id='line_1_3' title="bbox 100 431 869 498; baseline 0.001 -11"><span class='ocrx_word' id='word_1_6' title='bbox 100 432 179 487; x_wconf 89' lang='lat' dir='ltr'>uellet</span> <span class='ocrx_word' id='word_1_7' title='bbox 197 450 243 486; x_wconf 84' lang='lat' dir='ltr'>eas</span> <span class='ocrx_word' id='word_1_8' title='bbox 261 431 320 485; x_wconf 88' lang='lat' dir='ltr'>auri</span> <span class='ocrx_word' id='word_1_9' title='bbox 332 431 377 485; x_wconf 92' lang='lat' dir='ltr'>uel</span> <span class='ocrx_word' id='word_1_10' title='bbox 388 432 529 485; x_wconf 89' lang='lat' dir='ltr'>monilium</span> <span class='ocrx_word' id='word_1_11' title='bbox 542 432 643 486; x_wconf 91' lang='lat' dir='ltr'>donare</span> <span class='ocrx_word' id='word_1_12' title='bbox 657 433 800 498; x_wconf 82' lang='lat' dir='ltr'><strong>concessit,</strong></span> <span class='ocrx_word' id='word_1_13' title='bbox 821 435 869 488; x_wconf 88' lang='lat' dir='ltr'>sed</span> 
     </span>
    </p>
   </div>
   <div class='ocr_carea' id='block_1_3' title="bbox 15 522 899 2484">
    <p class='ocr_par' dir='ltr' id='par_1_3' title="bbox 56 522 868 954">
     <span class='ocr_line' id='line_1_4' title="bbox 56 522 868 593; baseline 0.002 -18"><span class='ocrx_word' id='word_1_14' title='bbox 56 545 82 584; x_wconf 76' lang='lat'>15</span> <span class='ocrx_word' id='word_1_15' title='bbox 100 523 248 577; x_wconf 81' lang='lat' dir='ltr'>identidem</span> <span class='ocrx_word' id='word_1_16' title='bbox 265 522 371 574; x_wconf 91' lang='lat' dir='ltr'>monuit</span> <span class='ocrx_word' id='word_1_17' title='bbox 389 539 420 575; x_wconf 90' lang='lat' dir='ltr'>ac</span> <span class='ocrx_word' id='word_1_18' title='bbox 433 539 513 592; x_wconf 80' lang='lat' dir='ltr'>saepe</span> <span class='ocrx_word' id='word_1_19' title='bbox 525 524 632 588; x_wconf 82' lang='lat' dir='ltr'>terruit,</span> <span class='ocrx_word' id='word_1_20' title='bbox 652 542 686 577; x_wconf 93' lang='lat' dir='ltr'>ne</span> <span class='ocrx_word' id='word_1_21' title='bbox 699 524 810 593; x_wconf 89' lang='lat' dir='ltr'>quando</span> <span class='ocrx_word' id='word_1_22' title='bbox 823 542 868 577; x_wconf 89' lang='lat' dir='ltr'>so-</span> 
     </span>
     <span class='ocr_line' id='line_1_5' title="bbox 100 611 868 682; baseline 0.001 -16"><span class='ocrx_word' id='word_1_23' title='bbox 100 631 188 666; x_wconf 89' lang='lat' dir='ltr'>rorum</span> <span class='ocrx_word' id='word_1_24' title='bbox 206 611 356 682; x_wconf 89' lang='lat' dir='ltr'>pernicioso</span> <span class='ocrx_word' id='word_1_25' title='bbox 375 612 488 665; x_wconf 91' lang='lat' dir='ltr'>consilio</span> <span class='ocrx_word' id='word_1_26' title='bbox 507 629 587 667; x_wconf 90' lang='lat' dir='ltr'>suasa</span> <span class='ocrx_word' id='word_1_27' title='bbox 611 614 644 667; x_wconf 94' lang='lat' dir='ltr'>de</span> <span class='ocrx_word' id='word_1_28' title='bbox 668 614 755 667; x_wconf 79' lang='lat' dir='ltr'>forma</span> <span class='ocrx_word' id='word_1_29' title='bbox 778 614 868 668; x_wconf 87' lang='lat' dir='ltr'>mariti</span> 
     </span>
     <span class='ocr_line' id='line_1_6' title="bbox 100 702 867 773; baseline 0.001 -17"><span class='ocrx_word' id='word_1_30' title='bbox 100 712 218 773; x_wconf 89' lang='lat' dir='ltr'>quaerat,</span> <span class='ocrx_word' id='word_1_31' title='bbox 236 719 306 755; x_wconf 90' lang='lat' dir='ltr'>neue</span> <span class='ocrx_word' id='word_1_32' title='bbox 319 719 348 754; x_wconf 89' lang='lat' dir='ltr'>se</span> <span class='ocrx_word' id='word_1_33' title='bbox 361 702 492 771; x_wconf 81' lang='lat' dir='ltr'>sacrilega</span> <span class='ocrx_word' id='word_1_34' title='bbox 504 703 662 758; x_wconf 72' lang='lat' dir='ltr'>curiositate</span> <span class='ocrx_word' id='word_1_35' title='bbox 674 704 708 757; x_wconf 91' lang='lat' dir='ltr'>de</span> <span class='ocrx_word' id='word_1_36' title='bbox 721 712 797 758; x_wconf 87' lang='lat' dir='ltr'>tanto</span> <span class='ocrx_word' id='word_1_37' title='bbox 810 705 867 757; x_wconf 84' lang='lat' dir='ltr'>for-</span> 
     </span>
     <span class='ocr_line' id='line_1_7' title="bbox 99 793 868 863; baseline 0.001 -17"><span class='ocrx_word' id='word_1_38' title='bbox 99 802 225 847; x_wconf 86' lang='lat' dir='ltr'>tunarum</span> <span class='ocrx_word' id='word_1_39' title='bbox 242 799 374 860; x_wconf 86' lang='lat' dir='ltr'>suggestu</span> <span class='ocrx_word' id='word_1_40' title='bbox 385 808 494 861; x_wconf 84' lang='lat' dir='ltr'>pessum</span> <span class='ocrx_word' id='word_1_41' title='bbox 508 793 607 846; x_wconf 88' lang='lat' dir='ltr'>deiciat</span> <span class='ocrx_word' id='word_1_42' title='bbox 619 811 669 847; x_wconf 89' lang='lat' dir='ltr'>nec</span> <span class='ocrx_word' id='word_1_43' title='bbox 682 812 761 847; x_wconf 90' lang='lat' dir='ltr'>suum</span> <span class='ocrx_word' id='word_1_44' title='bbox 772 806 868 863; x_wconf 86' lang='lat' dir='ltr'>postea</span> 
     </span>
     <span class='ocr_line' id='line_1_8' title="bbox 99 882 867 954; baseline -0.001 -16"><span class='ocrx_word' id='word_1_45' title='bbox 99 883 239 952; x_wconf 82' lang='lat' dir='ltr'>contingat</span> <span class='ocrx_word' id='word_1_46' title='bbox 257 882 419 952; x_wconf 85' lang='lat' dir='ltr'>amplexum.</span> <span class='ocrx_word' id='word_1_47' title='bbox 451 883 552 951; x_wconf 82' lang='lat' dir='ltr'>gratias</span> <span class='ocrx_word' id='word_1_48' title='bbox 572 884 628 952; x_wconf 86' lang='lat' dir='ltr'>egit</span> <span class='ocrx_word' id='word_1_49' title='bbox 644 884 741 937; x_wconf 86' lang='lat' dir='ltr'>marito</span> <span class='ocrx_word' id='word_1_50' title='bbox 760 884 867 954; x_wconf 88' lang='lat' dir='ltr'>iamque</span> 
     </span>
    </p>

    <p class='ocr_par' dir='ltr' id='par_1_4' title="bbox 53 968 869 1043">
     <span class='ocr_line' id='line_1_9' title="bbox 53 968 869 1043; baseline -0.002 -14"><span class='ocrx_word' id='word_1_51' title='bbox 53 987 81 1029; x_wconf 78' lang='lat'>20</span> <span class='ocrx_word' id='word_1_52' title='bbox 100 972 195 1025; x_wconf 87' lang='lat' dir='ltr'>laetior</span> <span class='ocrx_word' id='word_1_53' title='bbox 217 972 306 1024; x_wconf 89' lang='lat' dir='ltr'>animo</span> <span class='ocrx_word' id='word_1_54' title='bbox 328 968 388 1025; x_wconf 84' lang='lat' dir='ltr'>‘sed</span> <span class='ocrx_word' id='word_1_55' title='bbox 411 970 497 1042; x_wconf 87' lang='lat' dir='ltr'>prius’</span> <span class='ocrx_word' id='word_1_56' title='bbox 522 974 613 1043; x_wconf 91' lang='lat' dir='ltr'>inquit</span> <span class='ocrx_word' id='word_1_57' title='bbox 633 971 747 1028; x_wconf 88' lang='lat' dir='ltr'>‘centies</span> <span class='ocrx_word' id='word_1_58' title='bbox 769 974 869 1027; x_wconf 88' lang='lat' dir='ltr'>moriar</span> 
     </span>
    </p>

    <p class='ocr_par' dir='ltr' id='par_1_5' title="bbox 15 1063 869 1403">
     <span class='ocr_line' id='line_1_10' title="bbox 15 1063 868 1137; baseline 0.002 -22"><span class='ocrx_word' id='word_1_59' title='bbox 15 1126 16 1137; x_wconf 11' lang='grc' dir='ltr'>Ι</span> <span class='ocrx_word' id='word_1_60' title='bbox 98 1079 177 1132; x_wconf 89' lang='lat' dir='ltr'>quam</span> <span class='ocrx_word' id='word_1_61' title='bbox 195 1070 244 1115; x_wconf 91' lang='lat' dir='ltr'>tuo</span> <span class='ocrx_word' id='word_1_62' title='bbox 262 1063 315 1115; x_wconf 90' lang='lat' dir='ltr'>isto</span> <span class='ocrx_word' id='word_1_63' title='bbox 334 1063 491 1116; x_wconf 90' lang='lat' dir='ltr'>dulcissimo</span> <span class='ocrx_word' id='word_1_64' title='bbox 513 1064 631 1117; x_wconf 89' lang='lat' dir='ltr'>conubio</span> <span class='ocrx_word' id='word_1_65' title='bbox 654 1082 768 1117; x_wconf 86' lang='lat' dir='ltr'>caream.</span> <span class='ocrx_word' id='word_1_66' title='bbox 807 1081 868 1118; x_wconf 90' lang='lat' dir='ltr'>amo</span> 
     </span>
     <span class='ocr_line' id='line_1_11' title="bbox 98 1151 869 1223; baseline 0.001 -18"><span class='ocrx_word' id='word_1_67' title='bbox 98 1152 168 1206; x_wconf 88' lang='lat' dir='ltr'>enim</span> <span class='ocrx_word' id='word_1_68' title='bbox 181 1162 209 1205; x_wconf 93' lang='lat' dir='ltr'>et</span> <span class='ocrx_word' id='word_1_69' title='bbox 221 1151 345 1206; x_wconf 87' lang='lat' dir='ltr'>efflictim</span> <span class='ocrx_word' id='word_1_70' title='bbox 356 1160 393 1217; x_wconf 91' lang='lat' dir='ltr'>te,</span> <span class='ocrx_word' id='word_1_71' title='bbox 414 1154 578 1223; x_wconf 82' lang='lat' dir='ltr'>quicumque</span> <span class='ocrx_word' id='word_1_72' title='bbox 591 1171 629 1218; x_wconf 89' lang='lat' dir='ltr'>es,</span> <span class='ocrx_word' id='word_1_73' title='bbox 645 1153 730 1222; x_wconf 84' lang='lat' dir='ltr'>diligo</span> <span class='ocrx_word' id='word_1_74' title='bbox 742 1162 825 1223; x_wconf 85' lang='lat' dir='ltr'>atque</span> <span class='ocrx_word' id='word_1_75' title='bbox 837 1161 869 1207; x_wconf 92' lang='lat' dir='ltr'>ut</span> 
     </span>
     <span class='ocr_line' id='line_1_12' title="bbox 96 1242 869 1314; baseline 0.001 -19"><span class='ocrx_word' id='word_1_76' title='bbox 96 1260 186 1296; x_wconf 90' lang='lat' dir='ltr'>meum</span> <span class='ocrx_word' id='word_1_77' title='bbox 204 1242 328 1313; x_wconf 88' lang='lat' dir='ltr'>spiritum</span> <span class='ocrx_word' id='word_1_78' title='bbox 349 1260 399 1297; x_wconf 89' lang='lat' dir='ltr'>nec</span> <span class='ocrx_word' id='word_1_79' title='bbox 422 1244 475 1314; x_wconf 90' lang='lat' dir='ltr'>ipsi</span> <span class='ocrx_word' id='word_1_80' title='bbox 493 1243 622 1313; x_wconf 84' lang='lat' dir='ltr'>Cupidini</span> <span class='ocrx_word' id='word_1_81' title='bbox 646 1260 781 1313; x_wconf 87' lang='lat' dir='ltr'>comparo.</span> <span class='ocrx_word' id='word_1_82' title='bbox 820 1243 869 1297; x_wconf 89' lang='lat' dir='ltr'>sed</span> 
     </span>
     <span class='ocr_line' id='line_1_13' title="bbox 95 1332 867 1403; baseline 0.001 -18"><span class='ocrx_word' id='word_1_83' title='bbox 95 1333 170 1386; x_wconf 88' lang='lat' dir='ltr'>istud</span> <span class='ocrx_word' id='word_1_84' title='bbox 188 1332 269 1386; x_wconf 88' lang='lat' dir='ltr'>etiam</span> <span class='ocrx_word' id='word_1_85' title='bbox 287 1333 355 1386; x_wconf 92' lang='lat' dir='ltr'>meis</span> <span class='ocrx_word' id='word_1_86' title='bbox 372 1334 509 1403; x_wconf 82' lang='lat' dir='ltr'>precibus,</span> <span class='ocrx_word' id='word_1_87' title='bbox 529 1351 587 1399; x_wconf 90' lang='lat' dir='ltr'>oro,</span> <span class='ocrx_word' id='word_1_88' title='bbox 607 1334 706 1402; x_wconf 83' lang='lat' dir='ltr'>largire</span> <span class='ocrx_word' id='word_1_89' title='bbox 725 1341 752 1387; x_wconf 92' lang='lat' dir='ltr'>et</span> <span class='ocrx_word' id='word_1_90' title='bbox 769 1332 807 1386; x_wconf 92' lang='lat' dir='ltr'>illi</span> <span class='ocrx_word' id='word_1_91' title='bbox 820 1341 867 1386; x_wconf 90' lang='lat' dir='ltr'>tuo</span> 
     </span>
    </p>

    <p class='ocr_par' dir='ltr' id='par_1_6' title="bbox 48 1422 869 1854">
     <span class='ocr_line' id='line_1_14' title="bbox 48 1422 869 1494; baseline -0.004 -15"><span class='ocrx_word' id='word_1_92' title='bbox 48 1436 77 1479; x_wconf 78' lang='lat'>25</span> <span class='ocrx_word' id='word_1_93' title='bbox 96 1422 198 1476; x_wconf 78' lang='lat' dir='ltr'>famulo</span> <span class='ocrx_word' id='word_1_94' title='bbox 216 1423 340 1494; x_wconf 89' lang='lat' dir='ltr'>Zephyro</span> <span class='ocrx_word' id='word_1_95' title='bbox 357 1424 497 1494; x_wconf 86' lang='lat' dir='ltr'>praecipe,</span> <span class='ocrx_word' id='word_1_96' title='bbox 523 1424 604 1478; x_wconf 88' lang='lat' dir='ltr'>simili</span> <span class='ocrx_word' id='word_1_97' title='bbox 625 1432 738 1478; x_wconf 88' lang='lat' dir='ltr'>uectura</span> <span class='ocrx_word' id='word_1_98' title='bbox 761 1440 869 1476; x_wconf 89' lang='lat' dir='ltr'>sorores</span> 
     </span>
     <span class='ocr_line' id='line_1_15' title="bbox 95 1509 869 1584; baseline 0.001 -18"><span class='ocrx_word' id='word_1_99' title='bbox 95 1514 148 1567; x_wconf 93' lang='lat' dir='ltr'>huc</span> <span class='ocrx_word' id='word_1_100' title='bbox 167 1513 233 1566; x_wconf 91' lang='lat' dir='ltr'>mihi</span> <span class='ocrx_word' id='word_1_101' title='bbox 252 1509 345 1567; x_wconf 82' lang='lat' dir='ltr'>sistat.’</span> <span class='ocrx_word' id='word_1_102' title='bbox 376 1521 404 1568; x_wconf 89' lang='lat' dir='ltr'>et</span> <span class='ocrx_word' id='word_1_103' title='bbox 421 1514 580 1584; x_wconf 89' lang='lat' dir='ltr'>imprimens</span> <span class='ocrx_word' id='word_1_104' title='bbox 598 1513 690 1567; x_wconf 90' lang='lat' dir='ltr'>oscula</span> <span class='ocrx_word' id='word_1_105' title='bbox 708 1514 829 1567; x_wconf 85' lang='lat' dir='ltr'>suasoria</span> <span class='ocrx_word' id='word_1_106' title='bbox 841 1520 869 1567; x_wconf 89' lang='lat' dir='ltr'>et</span> 
     </span>
     <span class='ocr_line' id='line_1_16' title="bbox 94 1603 867 1673; baseline 0 -17"><span class='ocrx_word' id='word_1_107' title='bbox 94 1604 224 1673; x_wconf 87' lang='lat' dir='ltr'>ingerens</span> <span class='ocrx_word' id='word_1_108' title='bbox 235 1605 321 1657; x_wconf 88' lang='lat' dir='ltr'>uerba</span> <span class='ocrx_word' id='word_1_109' title='bbox 332 1604 480 1658; x_wconf 83' lang='lat' dir='ltr'>mulcentia</span> <span class='ocrx_word' id='word_1_110' title='bbox 492 1611 520 1657; x_wconf 93' lang='lat' dir='ltr'>et</span> <span class='ocrx_word' id='word_1_111' title='bbox 532 1605 649 1673; x_wconf 84' lang='lat' dir='ltr'>iungens</span> <span class='ocrx_word' id='word_1_112' title='bbox 661 1605 782 1657; x_wconf 88' lang='lat' dir='ltr'>membra</span> <span class='ocrx_word' id='word_1_113' title='bbox 791 1603 867 1656; x_wconf 87' lang='lat' dir='ltr'>cohi-</span> 
     </span>
     <span class='ocr_line' id='line_1_17' title="bbox 93 1691 865 1757; baseline -0.001 -11"><span class='ocrx_word' id='word_1_114' title='bbox 93 1694 189 1748; x_wconf 91' lang='lat' dir='ltr'>bentia</span> <span class='ocrx_word' id='word_1_115' title='bbox 207 1694 273 1748; x_wconf 89' lang='lat' dir='ltr'>haec</span> <span class='ocrx_word' id='word_1_116' title='bbox 294 1694 376 1747; x_wconf 89' lang='lat' dir='ltr'>etiam</span> <span class='ocrx_word' id='word_1_117' title='bbox 396 1693 540 1748; x_wconf 87' lang='lat' dir='ltr'>blanditiis</span> <span class='ocrx_word' id='word_1_118' title='bbox 563 1694 663 1747; x_wconf 85' lang='lat' dir='ltr'>astruit</span> <span class='ocrx_word' id='word_1_119' title='bbox 682 1691 730 1746; x_wconf 86' lang='lat' dir='ltr'>‘mi</span> <span class='ocrx_word' id='word_1_120' title='bbox 754 1693 865 1757; x_wconf 88' lang='lat' dir='ltr'>mellite,</span> 
     </span>
     <span class='ocr_line' id='line_1_18' title="bbox 93 1780 868 1854; baseline 0.001 -18"><span class='ocrx_word' id='word_1_121' title='bbox 93 1785 131 1837; x_wconf 90' lang='lat' dir='ltr'>mi</span> <span class='ocrx_word' id='word_1_122' title='bbox 144 1784 250 1848; x_wconf 85' lang='lat' dir='ltr'>marite,</span> <span class='ocrx_word' id='word_1_123' title='bbox 264 1791 327 1837; x_wconf 88' lang='lat' dir='ltr'>tuae</span> <span class='ocrx_word' id='word_1_124' title='bbox 339 1785 460 1854; x_wconf 86' lang='lat' dir='ltr'>Psychae</span> <span class='ocrx_word' id='word_1_125' title='bbox 472 1784 559 1838; x_wconf 88' lang='lat' dir='ltr'>dulcis</span> <span class='ocrx_word' id='word_1_126' title='bbox 571 1780 679 1837; x_wconf 91' lang='lat' dir='ltr'>anima’</span> <span class='ocrx_word' id='word_1_127' title='bbox 703 1784 733 1836; x_wconf 92' lang='lat' dir='ltr'>ui</span> <span class='ocrx_word' id='word_1_128' title='bbox 745 1801 776 1837; x_wconf 89' lang='lat' dir='ltr'>ac</span> <span class='ocrx_word' id='word_1_129' title='bbox 789 1789 868 1852; x_wconf 90' lang='lat' dir='ltr'>pote-</span> 
     </span>
    </p>

    <p class='ocr_par' dir='ltr' id='par_1_7' title="bbox 43 1873 869 2110">
     <span class='ocr_line' id='line_1_19' title="bbox 43 1873 869 1938; baseline -0.004 -10"><span class='ocrx_word' id='word_1_130' title='bbox 43 1893 73 1935; x_wconf 81' lang='lat'>30</span> <span class='ocrx_word' id='word_1_131' title='bbox 93 1882 165 1928; x_wconf 87' lang='lat' dir='ltr'>state</span> <span class='ocrx_word' id='word_1_132' title='bbox 177 1873 292 1927; x_wconf 88' lang='lat' dir='ltr'>Veneris</span> <span class='ocrx_word' id='word_1_133' title='bbox 309 1891 417 1938; x_wconf 87' lang='lat' dir='ltr'>usurus,</span> <span class='ocrx_word' id='word_1_134' title='bbox 438 1875 543 1928; x_wconf 90' lang='lat' dir='ltr'>inuitus</span> <span class='ocrx_word' id='word_1_135' title='bbox 561 1873 705 1927; x_wconf 86' lang='lat' dir='ltr'>succubuit</span> <span class='ocrx_word' id='word_1_136' title='bbox 716 1873 828 1926; x_wconf 88' lang='lat' dir='ltr'>maritus</span> <span class='ocrx_word' id='word_1_137' title='bbox 841 1880 869 1926; x_wconf 91' lang='lat' dir='ltr'>et</span> 
     </span>
     <span class='ocr_line' id='line_1_20' title="bbox 93 1963 868 2034; baseline -0.005 -15"><span class='ocrx_word' id='word_1_138' title='bbox 93 1970 195 2019; x_wconf 89' lang='lat' dir='ltr'>cuncta</span> <span class='ocrx_word' id='word_1_139' title='bbox 213 1981 241 2017; x_wconf 90' lang='lat' dir='ltr'>se</span> <span class='ocrx_word' id='word_1_140' title='bbox 259 1964 395 2018; x_wconf 83' lang='lat' dir='ltr'>facturum</span> <span class='ocrx_word' id='word_1_141' title='bbox 411 1964 560 2034; x_wconf 88' lang='lat' dir='ltr'>spopondit</span> <span class='ocrx_word' id='word_1_142' title='bbox 571 1972 652 2033; x_wconf 91' lang='lat' dir='ltr'>atque</span> <span class='ocrx_word' id='word_1_143' title='bbox 664 1963 719 2016; x_wconf 90' lang='lat' dir='ltr'>iam</span> <span class='ocrx_word' id='word_1_144' title='bbox 731 1963 791 2016; x_wconf 89' lang='lat' dir='ltr'>luce</span> <span class='ocrx_word' id='word_1_145' title='bbox 804 1979 868 2033; x_wconf 91' lang='lat' dir='ltr'>pro-</span> 
     </span>
     <span class='ocr_line' id='line_1_21' title="bbox 91 2054 671 2110; baseline -0.007 -1"><span class='ocrx_word' id='word_1_146' title='bbox 91 2061 225 2110; x_wconf 86' lang='lat' dir='ltr'>xumantc</span> <span class='ocrx_word' id='word_1_147' title='bbox 244 2054 277 2107; x_wconf 89' lang='lat' dir='ltr'>de</span> <span class='ocrx_word' id='word_1_148' title='bbox 295 2054 422 2107; x_wconf 87' lang='lat' dir='ltr'>manibus</span> <span class='ocrx_word' id='word_1_149' title='bbox 439 2054 532 2107; x_wconf 85' lang='lat' dir='ltr'>uxoris</span> <span class='ocrx_word' id='word_1_150' title='bbox 550 2054 671 2108; x_wconf 84' lang='lat' dir='ltr'>euanuit.</span> 
     </span>
    </p>

    <p class='ocr_par' dir='ltr' id='par_1_8' title="bbox 89 2143 899 2484">
     <span class='ocr_line' id='line_1_22' title="bbox 146 2143 899 2214; baseline -0.003 -16"><span class='ocrx_word' id='word_1_151' title='bbox 146 2145 185 2198; x_wconf 85' lang='lat' dir='ltr'>At</span> <span class='ocrx_word' id='word_1_152' title='bbox 203 2144 265 2198; x_wconf 89' lang='lat' dir='ltr'>illae</span> <span class='ocrx_word' id='word_1_153' title='bbox 284 2161 389 2198; x_wconf 87' lang='lat' dir='ltr'>sorores</span> <span class='ocrx_word' id='word_1_154' title='bbox 406 2151 580 2214; x_wconf 85' lang='lat' dir='ltr'>percontatae</span> <span class='ocrx_word' id='word_1_155' title='bbox 600 2143 740 2214; x_wconf 85' lang='lat' dir='ltr'>scopulum</span> <span class='ocrx_word' id='word_1_156' title='bbox 762 2144 866 2197; x_wconf 91' lang='lat' dir='ltr'>locum·</span> <span class='ocrx_word' id='word_1_157' title='bbox 885 2154 899 2202; x_wconf 74' lang='lat'>7</span> 
     </span>
     <span class='ocr_line' id='line_1_23' title="bbox 91 2233 867 2307; baseline -0.004 -18"><span class='ocrx_word' id='word_1_158' title='bbox 91 2253 148 2307; x_wconf 94' lang='lat' dir='ltr'>que</span> <span class='ocrx_word' id='word_1_159' title='bbox 166 2234 254 2299; x_wconf 83' lang='lat' dir='ltr'>illum,</span> <span class='ocrx_word' id='word_1_160' title='bbox 273 2252 327 2303; x_wconf 93' lang='lat' dir='ltr'>quo</span> <span class='ocrx_word' id='word_1_161' title='bbox 346 2234 436 2288; x_wconf 89' lang='lat' dir='ltr'>fuerat</span> <span class='ocrx_word' id='word_1_162' title='bbox 447 2234 552 2304; x_wconf 86' lang='lat' dir='ltr'>Psyche</span> <span class='ocrx_word' id='word_1_163' title='bbox 568 2234 685 2298; x_wconf 89' lang='lat' dir='ltr'>deserta,</span> <span class='ocrx_word' id='word_1_164' title='bbox 705 2233 867 2287; x_wconf 85' lang='lat' dir='ltr'>festinanter</span> 
     </span>
     <span class='ocr_line' id='line_1_24' title="bbox 89 2320 868 2394; baseline 0 -16"><span class='ocrx_word' id='word_1_165' title='bbox 89 2324 248 2380; x_wconf 87' lang='lat' dir='ltr'>adueniunt</span> <span class='ocrx_word' id='word_1_166' title='bbox 271 2325 365 2394; x_wconf 90' lang='lat' dir='ltr'>ibique</span> <span class='ocrx_word' id='word_1_167' title='bbox 390 2320 528 2378; x_wconf 87' lang='lat' dir='ltr'>deflebant</span> <span class='ocrx_word' id='word_1_168' title='bbox 546 2323 639 2378; x_wconf 90' lang='lat' dir='ltr'>oculos</span> <span class='ocrx_word' id='word_1_169' title='bbox 657 2331 685 2377; x_wconf 89' lang='lat' dir='ltr'>et</span> <span class='ocrx_word' id='word_1_170' title='bbox 701 2324 868 2393; x_wconf 81' lang='lat' dir='ltr'>plangebant</span> 
     </span>
     <span class='ocr_line' id='line_1_25' title="bbox 89 2413 866 2484; baseline -0.004 -14"><span class='ocrx_word' id='word_1_171' title='bbox 89 2416 189 2479; x_wconf 90' lang='lat' dir='ltr'>ubera,</span> <span class='ocrx_word' id='word_1_172' title='bbox 210 2415 303 2484; x_wconf 85' lang='lat' dir='ltr'>quoad</span> <span class='ocrx_word' id='word_1_173' title='bbox 320 2415 422 2469; x_wconf 88' lang='lat' dir='ltr'>crebris</span> <span class='ocrx_word' id='word_1_174' title='bbox 440 2432 533 2468; x_wconf 89' lang='lat' dir='ltr'>earum</span> <span class='ocrx_word' id='word_1_175' title='bbox 546 2413 712 2467; x_wconf 87' lang='lat' dir='ltr'>heiulatibus</span> <span class='ocrx_word' id='word_1_176' title='bbox 725 2432 790 2468; x_wconf 83' lang='lat' dir='ltr'>saxa</span> <span class='ocrx_word' id='word_1_177' title='bbox 802 2431 866 2468; x_wconf 85' lang='lat' dir='ltr'>cau-</span> 
     </span>
    </p>
   </div>
   <div class='ocr_carea' id='block_1_4' title="bbox 87 2568 868 2840">
    <p class='ocr_par' dir='ltr' id='par_1_9' title="bbox 87 2568 868 2840">
     <span class='ocr_line' id='line_1_26' title="bbox 151 2568 868 2633; baseline -0.003 -20"><span class='ocrx_word' id='word_1_178' title='bbox 151 2574 177 2613; x_wconf 78' lang='lat'>15</span> <span class='ocrx_word' id='word_1_179' title='bbox 188 2581 241 2622; x_wconf 69' lang='lat' dir='ltr'>sape</span> <span class='ocrx_word' id='word_1_180' title='bbox 252 2571 257 2623; x_wconf 92' lang='grc' dir='ltr'>Ι</span> <span class='ocrx_word' id='word_1_181' title='bbox 269 2573 294 2612; x_wconf 76' lang='lat' dir='ltr'>ll</span> <span class='ocrx_word' id='word_1_182' title='bbox 305 2569 432 2622; x_wconf 69' lang='lat' dir='ltr'>curiositate</span> <span class='ocrx_word' id='word_1_183' title='bbox 443 2569 449 2624; x_wconf 93' lang='grc' dir='ltr'>Ι</span> <span class='ocrx_word' id='word_1_184' title='bbox 462 2571 486 2612; x_wconf 84' lang='grc'>18</span> <span class='ocrx_word' id='word_1_185' title='bbox 497 2582 587 2622; x_wconf 81' lang='lat' dir='ltr'>pensum</span> <span class='ocrx_word' id='word_1_186' title='bbox 600 2568 605 2624; x_wconf 94' lang='grc' dir='ltr'>Ι</span> <span class='ocrx_word' id='word_1_187' title='bbox 624 2571 650 2612; x_wconf 79' lang='grc'>27</span> <span class='ocrx_word' id='word_1_188' title='bbox 661 2572 753 2633; x_wconf 73' lang='lat' dir='ltr'>iquens</span> <span class='ocrx_word' id='word_1_189' title='bbox 764 2582 790 2618; x_wconf 87' lang='grc' dir='ltr'>ς.·</span> <span class='ocrx_word' id='word_1_190' title='bbox 806 2573 868 2622; x_wconf 77' lang='lat' dir='ltr'>inge-</span> 
     </span>
     <span class='ocr_line' id='line_1_27' title="bbox 89 2635 868 2695; baseline -0.006 -9"><span class='ocrx_word' id='word_1_191' title='bbox 89 2656 143 2686; x_wconf 85' lang='lat' dir='ltr'>rens</span> <span class='ocrx_word' id='word_1_192' title='bbox 153 2644 175 2685; x_wconf 83' lang='lat' dir='ltr'><strong><em>F</em></strong></span> <span class='ocrx_word' id='word_1_193' title='bbox 186 2645 306 2689; x_wconf 67' lang='lat' dir='ltr'>insereres</span> <span class='ocrx_word' id='word_1_194' title='bbox 321 2640 325 2692; x_wconf 97' lang='grc' dir='ltr'>Ι</span> <span class='ocrx_word' id='word_1_195' title='bbox 343 2644 468 2685; x_wconf 85' lang='lat' dir='ltr'>cohibentia</span> <span class='ocrx_word' id='word_1_196' title='bbox 477 2655 506 2694; x_wconf 73' lang='lat' dir='ltr'>p:</span> <span class='ocrx_word' id='word_1_197' title='bbox 522 2644 621 2695; x_wconf 76' lang='lat' dir='ltr'>cogentia</span> <span class='ocrx_word' id='word_1_198' title='bbox 630 2643 651 2683; x_wconf 81' lang='lat' dir='ltr'><em>F</em></span> <span class='ocrx_word' id='word_1_199' title='bbox 664 2635 805 2691; x_wconf 49' lang='lat' dir='ltr'>moestius*</span> <span class='ocrx_word' id='word_1_200' title='bbox 815 2653 868 2682; x_wconf 90' lang='lat' dir='ltr'>con-</span> 
     </span>
     <span class='ocr_line' id='line_1_28' title="bbox 87 2712 868 2768; baseline -0.009 -8"><span class='ocrx_word' id='word_1_201' title='bbox 87 2715 252 2760; x_wconf 77' lang='lat' dir='ltr'>hibentiaFin</span> <span class='ocrx_word' id='word_1_202' title='bbox 263 2727 332 2767; x_wconf 66' lang='lat' dir='ltr'>moro.</span> <span class='ocrx_word' id='word_1_203' title='bbox 345 2712 350 2766; x_wconf 95' lang='grc' dir='ltr'>Ι</span> <span class='ocrx_word' id='word_1_204' title='bbox 361 2714 474 2767; x_wconf 70' lang='lat' dir='ltr'>ltpsycbe</span> <span class='ocrx_word' id='word_1_205' title='bbox 486 2715 490 2768; x_wconf 95' lang='grc' dir='ltr'>Ι</span> <span class='ocrx_word' id='word_1_206' title='bbox 502 2715 528 2756; x_wconf 84' lang='grc'>30</span> <span class='ocrx_word' id='word_1_207' title='bbox 536 2715 713 2756; x_wconf 77' lang='lat' dir='ltr'>ursusBrontius</span> <span class='ocrx_word' id='word_1_208' title='bbox 725 2713 729 2766; x_wconf 94' lang='grc' dir='ltr'>Ι</span> <span class='ocrx_word' id='word_1_209' title='bbox 741 2712 868 2764; x_wconf 81' lang='lat' dir='ltr'>31faclctu·</span> 
     </span>
     <span class='ocr_line' id='line_1_29' title="bbox 88 2784 819 2840; baseline -0.007 -10"><span class='ocrx_word' id='word_1_210' title='bbox 88 2790 115 2831; x_wconf 77' lang='grc' dir='ltr'>τῦ</span> <span class='ocrx_word' id='word_1_211' title='bbox 127 2800 192 2831; x_wconf 78' lang='lat' dir='ltr'>eroso</span> <span class='ocrx_word' id='word_1_212' title='bbox 199 2789 296 2838; x_wconf 74' lang='lat' dir='ltr'>priores</span> <span class='ocrx_word' id='word_1_213' title='bbox 308 2785 313 2840; x_wconf 95' lang='grc' dir='ltr'>Ι</span> <span class='ocrx_word' id='word_1_214' title='bbox 325 2793 392 2838; x_wconf 79' lang='lat' dir='ltr'>atque</span> <span class='ocrx_word' id='word_1_215' title='bbox 402 2789 467 2829; x_wconf 80' lang='lat' dir='ltr'>etiam</span> <span class='ocrx_word' id='word_1_216' title='bbox 485 2790 495 2834; x_wconf 90' lang='grc' dir='ltr'>ΙΙ</span> <span class='ocrx_word' id='word_1_217' title='bbox 514 2788 526 2827; x_wconf 79' lang='lat' dir='ltr'>t</span> <span class='ocrx_word' id='word_1_218' title='bbox 537 2792 634 2839; x_wconf 80' lang='lat' dir='ltr'>cautesq3</span> <span class='ocrx_word' id='word_1_219' title='bbox 645 2799 686 2829; x_wconf 88' lang='lat' dir='ltr'>om.</span> <span class='ocrx_word' id='word_1_220' title='bbox 696 2787 718 2827; x_wconf 85' lang='lat' dir='ltr'><em>F</em></span> <span class='ocrx_word' id='word_1_221' title='bbox 724 2787 775 2827; x_wconf 80' lang='lat' dir='ltr'>odd.</span> <span class='ocrx_word' id='word_1_222' title='bbox 786 2784 819 2825; x_wconf 68' lang='grc' dir='ltr'>1ΙΙ</span> 
     </span>
    </p>
   </div>
   <div class='ocr_carea' id='block_1_5' title="bbox 0 0 1126 3370">
    <p class='ocr_par' dir='ltr' id='par_1_10' title="bbox 0 0 1126 3370">
     <span class='ocr_line' id='line_1_30' title="bbox 0 0 1126 3370; baseline 0 0"><span class='ocrx_word' id='word_1_223' title='bbox 0 0 1126 3370; x_wconf 95' lang='lat' dir='ltr'> </span> 
     </span>
    </p>
   </div>
  </div>
 </body>
</html>
