2244 3370
342 274 455 316 Psrcrm
473 275 510 316 nr
530 274 638 315 cvrmo
840 263 872 314 63
950 298 952 303 ,

50 433 80 472 15
101 418 226 488 Psychen
244 434 349 486 semper
366 417 422 470 suis
440 416 577 471 amoribus
590 413 765 487 perfruatur‘.
798 427 826 470 et
838 416 874 469 ad
889 358 921 399 VI

100 507 235 561 Venerem
247 507 356 561 conlata
367 507 437 559 facie
452 503 513 561 ‘nec
525 503 574 571 tu,'
594 507 685 577 iuquit
699 505 776 570 ‘filia
796 506 871 576 quic·

100 616 182 669 quam
200 597 369 661 contristere,
396 614 445 651 nec
462 597 605 668 prosapiae
624 604 716 650 tantae
734 603 797 650 tuae
816 604 871 649 sta-

99 688 194 758 tuique
213 688 247 741 de
264 687 437 741 matrimonio
459 687 567 741 mortali
590 697 703 741 metuas.
736 686 790 741 iam
809 688 872 740 faxo

100 778 208 847 nuptias
226 795 283 831 non
300 778 429 849 impares,
455 778 504 832 sed
521 778 656 847 legitimas
674 786 702 830 et
722 777 775 830 iuri
798 776 873 830 ciuili

48 878 79 919 20
99 864 257 936 congruas’.
290 876 317 921 et
334 868 396 921 ilico
414 885 463 938 per
476 867 642 921 Mercurium
655 867 736 937 arripi
748 867 873 938 Psychen

99 958 174 1011 etin
193 957 426 1029 caelumperduci
449 958 534 1012 iubet.
572 966 697 1027 porrecto
721 956 872 1010 ambrosiae

100 1046 197 1118 poculo
213 1043 318 1113 ‘sume'
343 1048 433 1118 inquit
446 1046 572 1120 ‘Psyche
593 1056 621 1100 et
632 1047 790 1101 immortalis
802 1055 870 1110 esto,

100 1155 150 1191 nec
168 1155 297 1207 umquam
316 1138 484 1207 digredietur
501 1157 517 1192 a
534 1146 583 1191 tuo
602 1155 675 1190 nexu
687 1136 803 1207 Cupido,
824 1136 872 1190 sed

99 1228 167 1282 istae
185 1227 265 1280 uobis
283 1238 363 1282 emnt
380 1237 525 1298 perpetuae
543 1224 676 1297 nuptiae‘.
715 1243 765 1280 nec
784 1243 868 1290 mora,
890 1229 925 1279 rt

100 1335 161 1371 cum
179 1334 263 1371 caena
280 1318 410 1389 nuptialis
435 1316 551 1372 affluens
576 1317 726 1370 exhibetur.
764 1334 872 1369 accum-

99 1406 184 1460 bebat
200 1425 335 1461 summum
352 1416 443 1462 torum
465 1407 594 1471 maritus,
620 1406 744 1479 Psychen
768 1407 871 1475 gremio
926 1431 929 1437 ·

100 1515 149 1551 suo
167 1497 331 1568 complexus.
370 1498 408 1552 sio
426 1506 453 1552 et
471 1511 533 1552 cum
556 1516 606 1552 sua
624 1497 731 1551 Iunone
748 1497 871 1568 Iuppiter

99 1605 130 1641 ac
153 1587 252 1641 deinde
273 1605 322 1658 per
346 1588 469 1642 ordinem
492 1587 543 1642 toti
567 1587 619 1642 dei.
656 1596 723 1641 tunc
745 1587 871 1658 poculum

99 1678 231 1741 nectaris,
257 1678 332 1749 quod
350 1678 445 1731 uinum
463 1678 577 1732 deorum
595 1685 652 1742 est,
677 1677 738 1732 Ioui
760 1677 871 1748 quidem

98 1786 164 1821 suus
181 1768 325 1838 pocillator
342 1769 387 1823 ille
404 1769 522 1822 rusticus
539 1786 616 1839 puer,
637 1768 733 1822 ceteris
745 1764 871 1821 ueroTri-

97 1859 147 1912 ber
158 1858 339 1913 ministrabat.
371 1859 510 1913 Vulcanus
523 1875 635 1913 caenam
647 1858 791 1928 coquebat,
811 1856 872 1910 Ho-

97 1965 143 2001 rae
161 1948 229 2002 rosis
252 1957 280 2002 et
301 1949 399 2002 ceteris
421 1948 534 2003 floribus
557 1947 747 2020 purpurabant
768 1946 868 2011 omnia,

48 2058 77 2098 10
99 2039 208 2093 Gratiae
227 2039 392 2110 spargebant
409 2038 544 2104 balsama,
571 2038 667 2092 Musae
686 2056 753 2092 uoce
771 2055 871 2092 canora

97 2128 291 2199 personabant,
311 2126 410 2197 Apollo
429 2129 550 2184 cantauit
567 2129 602 2182 ad
614 2127 754 2192 citharam,
775 2128 869 2182 Venus

97 2218 175 2271 suani
193 2219 311 2273 musicae
334 2218 445 2289 suppari
469 2236 563 2288 gressu
587 2219 725 2272 formonsa
748 2218 868 2283 saltauit,

98 2323 195 2359 scaena
212 2307 265 2361 sibl
284 2308 322 2362 sio
340 2309 512 2373 concinnat-a,
533 2317 564 2363 ut
575 2308 671 2363 Musae
684 2308 794 2379 quidem
807 2308 871 2361 cho·

102 2436 252 2457 —-1—

153 2565 178 2606 ll
189 2540 337 2681 l‘fmffills’?
353 2570 413 2619 piosa
423 2569 459 2621 pie
471 2568 475 2621 Ι
493 2571 517 2611 19
528 2571 570 2610 iuri
580 2570 687 2612 Iahnius:
703 2570 750 2609 iure
769 2572 780 2616 ΙΙ
798 2567 870 2609 Perl-

96 2640 161 2678 betur
172 2635 177 2689 1
190 2637 238 2681 ato
257 2656 276 2697 ,ι
290 2640 326 2715 ιθ
336 2640 367 2695 qu
383 2639 388 2694 Ι
405 2643 430 2682 m
441 2654 494 2683 uoce
505 2641 644 2683 Guilelmus:
661 2653 747 2693 quoque
764 2638 768 2694 Ι
789 2641 810 2680 ll
822 2640 870 2680 ahi·

94 2717 163 2751 teram
185 2708 189 2761 Ι
212 2710 237 2751 12
252 2710 340 2765 suppari
357 2724 430 2765 mensu
446 2713 559 2764 ocatiyer:
575 2714 749 2766 superingressa
765 2708 770 2765 1
790 2711 814 2754 13
829 2712 870 2752 sibi

94 2783 112 2823 si
129 2780 133 2836 l
152 2781 331 2832 condunamsj'
