2244 3370
341 275 454 316 rsrcne
472 276 509 316 nr
529 272 635 315 cvrrno
841 263 871 313 61

889 356 919 397 v1

101 418 188 473 locius
205 418 352 488 prouolans
369 417 493 487 Psychen
512 416 627 470 accurrit
645 433 730 479 suam,
751 415 874 469 deterso-

100 527 154 579 que
167 526 262 562 somno
280 508 385 562 curiose
404 515 432 560 et
449 524 556 560 rursum
571 506 601 558 in
613 506 755 576 pristinam
767 505 874 576 pyxidis

101 599 194 653 sedem
212 599 352 652 recondito
370 597 494 667 Psychen
512 597 624 650 innoxio
643 595 774 665 punctulo
793 596 874 664 sagit·

51 703 81 743 15
100 697 144 743 tae
158 706 223 743 suae
234 688 350 748 suscitat
367 698 395 741 et
409 683 489 740 ‘ecce’
504 687 594 757 inquit
609 684 727 739 ‘rursum
744 686 871 755 perieras,

100 778 213 841 misella,
235 777 314 830 simili
333 777 498 831 curiositate.
530 776 578 830 sed
595 776 705 830 interim
717 776 825 845 quidem
842 785 874 829 tu

100 867 278 940 prouinciam,
298 885 367 937 quae
379 866 430 920 tibi
443 867 536 921 matris
549 884 625 920 meae
637 873 780 937 praecepto
796 883 874 918 man·

101 960 165 1013 data
177 966 227 1022 est,
243 975 390 1029 exsequere
403 956 518 1021 nauiter,
534 965 623 1010 cetera
636 964 742 1025 egomet
754 952 871 1009 uidero'.

101 1049 144 1102 his
156 1049 236 1103 dictis
249 1056 352 1101 amator
370 1046 438 1101 leuis
455 1046 484 1100 in
501 1047 599 1118 pinnas
617 1064 645 1100 se
664 1045 749 1109 dedit,
770 1046 873 1116 Psyche

49 1148 80 1189 20
100 1156 167 1193 uero
195 1138 338 1192 confestim
362 1137 463 1191 Veneri
490 1155 589 1190 munus
616 1144 736 1205 reportat
762 1137 870 1190 Proser-

100 1246 189 1300 prnae.

133 1376 136 1381 .
152 1335 262 1389 Interea
280 1334 386 1404 Cupido
404 1350 495 1387 amore
514 1334 597 1387 nimio
615 1351 726 1403 peresus
745 1341 773 1385 et
794 1349 874 1401 aegra
892 1331 925 1381 22

100 1426 185 1491 facie,
211 1426 304 1496 matris
328 1441 391 1478 suae
409 1423 579 1495 repentinam
597 1423 771 1476 sobrietatem
789 1424 873 1493 perti-

100 1533 224 1570 mescens
242 1515 277 1568 ad
295 1513 429 1568 armillum
441 1514 512 1568 redit
524 1514 627 1584 alisque
639 1513 795 1584 pernicibus
807 1513 874 1567 caeli

100 1612 241 1677 penetrato
260 1604 361 1658 uertice
379 1621 478 1674 magno
502 1604 564 1658 Ioui
587 1604 720 1674 supplicat
744 1620 873 1673 suamque

67 1709 80 1749 5
100 1713 209 1750 caueam
227 1696 333 1765 probat.
365 1703 431 1749 tunc
449 1695 571 1766 Iuppiter
586 1694 720 1764 prehensa
731 1693 873 1764 Cupidinis

100 1785 217 1840 buccula
239 1803 376 1856 manuque
399 1785 434 1839 ad
461 1801 490 1838 oa
517 1803 596 1838 suum
622 1783 706 1837 relata
734 1783 874 1836 consauiat

100 1885 184 1947 atque
203 1877 240 1929 sic
259 1876 296 1930 ad
313 1875 389 1929 illum
411 1873 486 1929 ‘licet
503 1871 552 1937 tu,'
579 1875 669 1944 inquit
683 1870 804 1927 ‘domine
823 1872 871 1938 fili,

101 1984 251 2036 numquam
269 1966 335 2019 mihi
352 1983 483 2019 concessu
501 1966 581 2018 deum
600 1964 740 2018 decretum
758 1964 874 2017 seruaris

101 2059 241 2120 honorem,
262 2057 311 2109 sed
328 2056 405 2109 istud
421 2063 516 2126 pectus
533 2071 632 2117 meum,
653 2071 707 2124 quo
725 2053 800 2122 leges
818 2053 874 2107 ele-

49 2159 79 2200 ιο
100 2156 253 2200 mentorum
273 2154 301 2198 et
318 2146 392 2199 uices
409 2146 528 2199 siderum
547 2144 739 2215 disponuntur,
760 2145 876 2198 conuul-

103 2237 208 2290 neraris
226 2236 340 2289 assiduis
359 2236 458 2289 ictibus
476 2236 632 2305 crebrisque
644 2240 769 2290 terrenae
782 2235 873 2289 libidi-

102 2327 145 2379 nis
163 2326 318 2380 foedaueris
336 2325 442 2379 casibus
460 2332 609 2396 contraque
626 2326 716 2394 leges,
742 2333 770 2380 et
787 2325 874 2396 ipsam

158 2568 183 2608 13
194 2570 277 2620 curiose
289 2565 294 2622 1
312 2568 337 2608 14
347 2579 448 2608 teron...
459 2567 480 2608 F
493 2569 604 2609 recondito
615 2569 644 2617 Γ
659 2571 783 2618 recondita
801 2567 805 2618 Ι
822 2581 873 2620 psy-

101 2642 197 2691 cheno:
209 2642 310 2692 psychem
328 2637 332 2692 Ι
352 2640 376 2679 16
386 2644 412 2679 tu
422 2641 554 2689 prouinciam
566 2640 592 2689 φ*
602 2642 626 2681 in
638 2641 729 2681 lacuna:
744 2647 768 2682 tu
779 2653 817 2692 pro
820 2668 863 2681 .....
867 2651 875 2678 :

41 2757 45 2765 ,
101 2709 135 2765 F!
150 2712 174 2753 17
187 2721 230 2763 qua
242 2711 271 2752 F.-
282 2724 324 2763 qne
335 2723 351 2761 φ
362 2712 414 2763 qnid
423 2710 451 2759 s*
463 2709 467 2764 Ι
480 2714 607 2753 mandatum
618 2711 648 2760 s*
667 2717 677 2760 ΙΙ
696 2714 707 2754 3
719 2713 815 2753 armilem
827 2711 873 2761 φῖ*

100 2788 122 2824 et
132 2784 156 2825 in
166 2785 264 2836 maraine
278 2783 299 2824 F
310 2787 313 2836 Ι
326 2784 338 2825 6
349 2785 485 2833 consabiots
489 2783 497 2802 ⁸
509 2781 513 2835 Ι
529 2784 552 2825 12
562 2785 673 2835 ἰᾳᾱειυεῐζε
