2244 3370
228 273 284 312 VIII
559 273 720 314 PRAEFATIO

231 416 344 469 editione
368 417 550 486 discrepantes
573 416 776 487 diliqeutissime
797 416 835 468 ita
856 416 1004 484 exscriptae
1025 419 1053 466 ut
1100 434 1101 443 ¹

229 519 360 589 quidquid
376 539 393 572 a
405 521 520 573 secunda
531 538 611 572 rnanu
623 522 672 589 (s)
685 525 831 573 correctum
836 519 899 589 suit
910 518 993 570 simul
1004 517 1052 570 ad-
1100 512 1101 533 *

229 628 348 676 notatum
372 629 397 675 et
421 624 541 676 amnibus
564 623 642 688 locis,
664 623 712 692 qui
733 623 839 692 quidem
857 623 974 675 alicuius
997 640 1053 673 mo-

230 728 313 780 menti
329 729 396 791 siut,
417 727 582 795 adscriptum
599 727 635 778 sit
648 727 714 795 quid
724 727 754 778 iu
766 727 854 779 codice
868 725 1053 777 Laurentiano

231 831 356 895 XXIX,
371 833 456 898 Nep)
473 830 603 899 scriptum
618 834 708 881 castet.
744 847 806 881 nam
818 830 843 882 is
854 828 1054 882 accuratissime

231 951 263 987 ee
281 933 364 986 attero
383 926 430 985 illo
449 934 538 985 codice
557 932 660 985 saeculo
674 932 829 984 duodecimo
843 931 992 1001 descriptus
1005 937 1051 995 est,

231 1038 279 1089 troc
291 1042 329 1089 est
341 1055 370 1088 eo
382 1042 509 1105 tempore,
523 1055 573 1106 quo
586 1036 632 1088 illc
644 1037 762 1087 noudum
774 1035 932 1088 correctoris
944 1052 1054 1103 operam

228 1158 327 1209 passus
345 1146 397 1205 eet,
415 1145 444 1192 ut
455 1139 602 1194 rectissimo
615 1138 714 1191 iudicio
728 1139 838 1191 Keilius
849 1137 950 1191 statuit.
982 1138 1054 1190 disce

231 1242 315 1313 iqitur
327 1243 453 1296 subsidiis
465 1261 524 1295 cum
536 1247 632 1306 uterer,
650 1241 787 1295 molestam
800 1242 919 1295 codicum
926 1241 993 1311 ptus
1004 1242 1054 1294 mi-

232 1365 314 1399 nusue
332 1346 553 1415 interpolatorum
571 1345 666 1398 molem
683 1350 765 1399 totam
782 1346 898 1409 abicere,
920 1349 975 1397 tum
990 1364 1054 1398 uero
1100 1388 1101 1409 q

231 1449 260 1501 ia
277 1449 366 1502 uerbis
377 1449 493 1518 Apulae·
508 1449 676 1502 recensendis
693 1454 771 1518 atque
787 1449 959 1501 emendandis
970 1449 1053 1502 ratia-
1100 1500 1101 1521 Χ

231 1571 291 1605 nem
302 1551 388 1622 maqie
400 1558 499 1606 certam
511 1552 587 1621 sequi
597 1552 681 1616 licuit,
697 1571 775 1620 quam
785 1571 837 1621 qua
848 1552 1054 1605 Hildetrandus

232 1657 261 1708 u
281 1655 396 1708 octium
417 1673 487 1708 anuo
509 1655 755 1708 uaccam
767 1656 873 1725 peoora
889 1656 960 1709 tora
971 1658 1053 1725 satu
1100 1640 1101 1649 '

231 1778 295 1813 usus
308 1764 354 1823 est,
369 1759 468 1828 quippe
481 1759 528 1828 qui
539 1758 658 1812 codicum
672 1758 916 1812 Laurentianorum
931 1759 1055 1812 notitiam

231 1880 314 1931 neque
326 1867 478 1915 accuratam
489 1881 572 1931 neque
584 1861 695 1931 plenam
707 1861 807 1914 habuit.
838 1862 886 1914 uic
898 1879 965 1930 opus
976 1867 1015 1915 est
1026 1867 1056 1915 ut

232 1983 353 2018 moneam
369 1983 471 2018 summa
487 1976 629 2019 eum'eura
647 1983 663 2016 a
674 1982 715 2017 me
728 1965 798 2016 edita
811 1982 866 2018 esse
878 1983 1057 2034 qaaecumque
1100 1974 1101 1977 ’

233 2069 333 2121 tradita
345 2069 437 2138 accepi
447 2099 482 2106 -
493 2069 549 2122 nisi
561 2068 631 2137 quod
643 2084 658 2119 e
671 2072 696 2119 ct
707 2085 738 2121 ae
751 2068 820 2121 inter
832 2086 859 2120 se
871 2073 986 2121 mutatas
998 2069 1057 2122 ubi-

232 2191 282 2241 que
299 2172 420 2225 indicare
438 2173 517 2225 omisi
532 2200 574 2235 -‚
596 2175 625 2222 ut
642 2170 697 2222 iam
715 2170 784 2223 uiris
796 2171 880 2223 doctis
888 2175 989 2239 parata
1001 2171 1057 2226 sint

232 2277 302 2328 uude
330 2295 360 2328 ea
388 2293 453 2344 quae
476 2275 594 2327 noudum
617 2274 711 2326 sauari
729 2279 876 2342 potuerunt
899 2273 1055 2327 restituant.

233 2398 326 2433 uerum
344 2379 495 2432 emendatae
513 2376 646 2439 lectionis,
664 2376 711 2429 ubi
722 2394 754 2428 ea
767 2376 900 2428 codicibus
908 2394 961 2445 per
973 2376 1057 2429 tibra-

233 2483 289 2538 rioe
305 2481 431 2535 correctis
445 2481 502 2534 siue
514 2498 546 2533 ca
558 2479 676 2548 antiquis
688 2479 848 2531 editionibus
856 2479 974 2547 peteuda
979 2479 1052 2546 suit,

233 2591 354 2640 auctores
371 2584 558 2638 adscribendos
570 2601 624 2635 nou
631 2582 745 2651 putaui,
761 2584 892 2651 cumsere
906 2581 935 2633 iu
947 2580 1058 2634 leuiori·

234 2692 282 2744 bus
306 2691 370 2742 daec
394 2706 476 2758 opera
500 2705 527 2740 se
547 2686 694 2743 contineat:
723 2692 838 2741 ceterum
859 2684 989 2737 neminem
1009 2703 1059 2740 sua

234 2793 457 2863 teudefruudare
468 2790 554 2843 uolui.
