2244 3370
356 232 470 274 corona
488 233 525 274 ar
544 232 653 273 cremo
858 222 891 274 35

116 389 197 440 quam
221 372 344 440 ingluuie
367 374 460 428 uoraci
485 391 528 427 me
550 375 682 429 misellam
700 375 822 430 hauriret
839 393 890 430 an·
912 323 931 366 v

117 462 200 533 cipiti'
214 464 350 517 nouacula
368 464 537 533 perimerem.
575 472 616 518 set
633 483 695 519 cum
712 466 838 537 primum,
861 473 893 520 ut

68 573 98 612 15
118 569 204 621 aeque
213 551 362 623 placuerat,
373 554 484 608 conscio
496 554 600 608 lumine
611 555 705 609 uultus
717 556 776 610 eius
787 556 890 626 aspexi,

116 643 199 697 uideo
226 643 325 697 mirum
352 644 530 714 diuinumque
555 662 668 716 prorsus
694 645 890 717 spectaculum,

117 733 208 803 ipsum
228 733 306 788 illum
324 734 390 789 deae
408 734 523 788 Veneris
546 735 645 800 lilium,
672 736 759 807 ipsum
781 736 892 806 inquam

118 822 282 894 Cupidinem
300 824 355 878 leni
367 824 458 895 quieta
474 826 601 896 sopitum.
622 843 653 879 ac
666 825 730 879 dum
742 826 813 879 tanti
825 826 891 880 boni

118 913 274 983 spectaculo
296 915 400 984 percita
422 923 449 969 et
467 915 553 968 nimia
569 914 719 986 uoluptatis
738 916 816 987 copia
833 924 891 971 tur·

65 1008 97 1049 ²0
117 1005 184 1058 bata
200 1004 310 1059 fruendi
328 1005 481 1058 laborarem
499 1005 606 1075 inopia,
627 1022 692 1059 casu
710 1006 813 1060 scilicet
830 1023 892 1077 pes·

119 1111 196 1148 sumo
221 1095 334 1149 lucerna
361 1095 471 1149 feruens
498 1096 588 1149 oleum
614 1095 757 1150 rebulliuit
780 1096 809 1149 in
833 1097 893 1150 eius

117 1201 250 1239 umerum.
288 1202 342 1254 quo
360 1185 453 1239 dolore
478 1186 571 1240 statim
588 1203 684 1240 somno
701 1204 826 1240 recussus
844 1187 892 1242 ubi

118 1292 161 1328 me
179 1275 251 1329 ferro
269 1283 297 1329 et
314 1275 372 1345 igni
390 1276 533 1347 conspexit
549 1285 689 1342 armatam,
712 1282 753 1341 ,tu
770 1276 890 1346 quidem‘

118 1365 208 1434 inquit
227 1366 272 1430 ‚ob
291 1366 366 1420 istud
382 1374 439 1420 tam
452 1366 542 1420 dirum
554 1365 660 1420 facinus
675 1366 818 1421 confestim
831 1374 893 1420 toro

65 1463 98 1505 25
118 1473 180 1509 meo
198 1456 305 1510 diuorte
329 1456 434 1526 tibique
457 1474 500 1510 res
522 1463 586 1510 tuas
609 1455 725 1520 habeto,
752 1474 803 1526 ego
826 1475 893 1511 nero

119 1563 239 1600 sororem
260 1552 346 1600 tuam‘
366 1556 444 1600 -et
462 1563 561 1600 nomen
579 1555 681 1615 quotu
700 1547 818 1601 censoris
837 1547 893 1601 aie·

119 1638 168 1691 bat
179 1666 213 1677 -
229 1637 292 1699 ,iam
308 1636 376 1691 mihi
394 1636 572 1690 confarreatis
593 1636 697 1707 nuptiis
715 1637 890 1706 coniugabo‘.

119 1736 148 1782 et
171 1728 263 1782 statim
283 1726 407 1798 Zephyro
432 1727 578 1797 praecipit,
603 1726 676 1780 ultra
699 1728 829 1780 terminos
850 1744 893 1780 me

120 1820 218 1872 mmna
240 1818 299 1871 eius
323 1815 446 1871 efflaret’.
485 1817 602 1872 necdum
619 1834 771 1871 sermonem
788 1817 894 1887 Psyche
912 1825 944 1875 27

120 1909 243 1973 finierat,
270 1908 363 1962 atille
380 1924 499 1962 uesanae
517 1907 639 1960 libidinis
658 1914 686 1960 et
703 1907 825 1960 inuidiae
844 1924 894 1961 no·

120 2001 182 2053 xiae
199 1999 316 2054 stimulis
334 1998 451 2067 agitata,
478 2014 539 2051 ere
564 1996 727 2051 concinnato
751 1996 895 2051 mendacio

120 2090 219 2144 lallena
237 2089 374 2153 maritum,
394 2087 472 2157 quasi
483 2088 516 2141 de
529 2093 615 2140 trome
628 2095 772 2157 parentum
792 2087 896 2157 aliquid
956 2098 963 2112 ·

177 2299 202 2340 13
213 2299 310 2351 ingluoit
331 2297 336 2349 Ι
359 2298 382 2337 14
394 2298 518 2347 perimerem
529 2295 614 2346 s'o':
628 2309 757 2348 percuterem
768 2296 809 2346 ra
826 2298 831 2350 Ι
849 2297 893 2350 als!

122 2372 147 2412 lt
162 2372 282 2421 uoluptatis
299 2380 331 2420 p:
345 2371 466 2411 uoluntatis
487 2369 491 2421 Ι
513 2368 667 2411 atrebatum
686 2368 745 2419 of:
764 2369 894 2419 reuulliultl

120 2443 148 2485 2⁴
158 2445 196 2484 ubi
205 2443 263 2484 istud
275 2440 279 2493 Ι
295 2441 321 2483 25
332 2440 450 2491 dicentes·
462 2438 467 2494 1
483 2440 509 2482 27
520 2442 561 2481 iam
572 2442 626 2482 mihi
636 2442 776 2484 confarreatis
787 2443 896 2482 Martem

121 2516 151 2556 ad
164 2514 214 2555 Tac.
225 2526 278 2555 con.
289 2513 303 2555 1
308 2514 332 2564 V,
345 2514 381 2555 to:
398 2515 443 2554 lam
454 2513 507 2553 mihi
517 2514 629 2556 confestim
640 2514 754 2567 arreatlhic
764 2512 785 2553 F
791 2513 896 2554 meacula

122 2587 202 2634 lineola
212 2599 225 2626 a
235 2587 278 2627 lam
288 2587 318 2626 od
327 2592 405 2634 arceat,
416 2597 479 2636 quom
487 2585 505 2634 s
512 2586 591 2626 deleuit
602 2583 606 2639 Ι
618 2587 693 2636 nupti·
707 2588 718 2632 ΙΙ
731 2586 744 2628 2
754 2592 777 2629 at
786 2585 895 2628 Iahnius:

121 2673 164 2700 om.
175 2657 195 2698 F
211 2655 215 2711 Ι
232 2658 244 2699 8
259 2671 271 2698 e
282 2670 305 2698 re
316 2658 445 2699 concinnato
454 2656 562 2698 rorasse:
576 2658 737 2699 freconclnnato
746 2658 834 2699 Fualre
844 2669 896 2700 con·

121 2733 212 2773 cinnato
222 2729 326 2770 Hertziuo
338 2729 417 2780 pailet.
431 2728 504 2770 XVII
515 2741 539 2780 p.
551 2727 591 2768 1⁷8

736 2818 773 2868 3*
