2244 3370
389 218 551 260 PRAEFATIO
583 238 588 247 ·
852 218 886 259 IX

109 363 200 432 Spero
206 364 274 431 fore
283 367 313 414 ut
321 379 375 414 non
383 362 519 432 inaratam
527 361 670 415 lectoribus
675 362 802 431 fecerim,
814 363 885 431 quod

55 484 109 519 non
129 465 218 519 solam
236 484 268 518 ea
285 482 352 534 qaas
366 464 527 534 Fulpentius
542 464 738 535 mytliolopicon
750 465 818 519 libro
831 471 883 518 ter·

56 568 93 622 lio
111 574 193 639 atque
211 568 466 638 mythoprapborum
483 569 515 621 ab
532 568 637 638 Anpelo
655 568 733 621 Maio
751 568 883 622 editorum

53 671 165 740 primus
183 672 215 724 dc
228 671 332 740 Psycbe
348 676 373 725 et
389 671 522 741 Cupidine
539 671 722 735 tradiderunt,
742 672 788 725 sed
804 672 883 725 etium

56 792 87 827 ea
101 777 269 828 &decorum
276 779 420 843 poetaram
430 774 622 845 cpiarummata
631 775 807 845 transscripsi
817 794 884 845 quae

59 879 88 930 dc
108 877 215 947 Psyche
233 883 258 929 et
274 877 408 947 Cupidine
426 878 517 930 eadem
534 877 638 931 ratione
658 883 741 947 ayunt
758 895 837 947 quam
854 878 884 931 in

58 981 127 1034 artis
139 980 267 1051 antiquae
279 980 455 1033 monumentis
463 981 535 1034 baud
544 981 583 1033 ito
588 980 686 1050 paucis
695 981 773 1033 bodie
782 999 884 1052 quoque

59 1084 212 1153 iutelleperc
230 1083 299 1136 licet.
321 1101 434 1154 quorum
451 1084 641 1154 speciminibus
658 1084 816 1161 quibusdam
832 1084 884 1138 ele-

58 1185 227 1255 pantissimis
244 1205 303 1239 cum
316 1187 490 1242 librariorum
501 1186 725 1240 amicissimorum
737 1187 885 1240 liberalitas

60 1289 129 1342 bunc
141 1289 260 1342 libellum
269 1290 414 1354 annonarii,
427 1309 530 1343 reuera
539 1289 604 1343 utile
614 1309 657 1343 eos
665 1289 740 1343 dulci
747 1290 884 1344 miscuisse

60 1397 137 1462 atque
156 1411 232 1446 omne
246 1400 376 1463 punctum
393 1392 485 1446 tulisse
502 1393 576 1463 prati
590 1412 691 1447 mecum
703 1393 814 1447 lectores
825 1412 883 1447 cen-

60 1495 163 1549 sebunt.
180 1500 258 1565 alque
274 1497 474 1567 symplepmatis
488 1496 653 1550 celeberrimi
670 1497 757 1566 imaqo
775 1497 804 1549 in
824 1497 883 1567 ipso

61 1599 139 1654 titulo
158 1600 300 1669 conspicua
315 1618 346 1653 eu
358 1619 388 1653 co
400 1599 518 1670 exemplo
531 1600 610 1653 ductu
622 1600 741 1668 estquod
753 1599 782 1651 in
794 1619 883 1653 museo

67 1703 220 1774 Capitolino
231 1706 247 1766 (
249 1704 313 1766 ΙΙΙ,
329 1710 362 1756 ‘22
364 1707 380 1766 )
392 1704 560 1757 adseruatur.
579 1704 672 1773 socies
689 1703 755 1767 illu,
768 1705 883 1773 subulae

63 1807 232 1877 Apuleianae
244 1807 352 1860 exordio
364 1806 547 1877 superposita,
569 1807 645 1860 cuius
659 1802 811 1876 ‘praeclara
819 1807 884 1877 pul-

32 1958 33 1963 ,
63 1911 184 1993 cbritudo
200 1927 247 1963 nee
262 1909 379 1979 caprimi
390 1929 421 1963 ae
433 1928 465 1963 ne
477 1910 645 1980 sufficienter
657 1910 763 1980 quidem
775 1910 885 1964 laudari

63 2013 191 2068 sermonis
202 2013 313 2066 lumeni
319 2014 438 2083 penuria
446 2009 550 2083 potesl,
561 2031 678 2084 panmae
690 2012 823 2083 insculpta
835 2019 881 2077 est,

64 2136 129 2188 quae
138 2135 225 2170 ueusoo
235 2116 408 2170 Berolinensi
415 2117 500 2170 inlato
509 2123 533 2170 et
542 2136 559 2170 a
572 2116 713 2170 Toelleenio
723 2118 806 2181 (ΙΙΙ,
816 2122 883 2180 680)

65 2220 197 2290 descripta
209 2225 256 2273 cst.
278 2219 394 2289 Psyches
406 2225 431 2274 et
446 2220 591 2290 Cupidinis
602 2220 711 2290 nuptias
723 2220 885 2290 sarcopbaqi

66 2325 133 2378 iroter
144 2341 278 2376 marmora
290 2322 374 2376 musei
385 2323 544 2377 Britannici
553 2326 569 2386 (
578 2323 608 2387 V,
623 2328 656 2386 9)
667 2322 785 2392 depositi
796 2323 883 2392 sculp-

65 2428 303 2489 turademonstrat‚
320 2426 395 2479 euius
408 2426 497 2479 media
507 2445 576 2496 pars
584 2428 708 2495 frontem
717 2426 883 2479 narrat-ionis

69 2529 203 2601 Fulpentii
214 2534 334 2582 exornat.

116 2632 238 2702 Denique
251 2650 343 2685 earum
354 2633 509 2703 imafinum,
524 2651 592 2703 quae
603 2631 679 2685 nobis
690 2637 808 2685 ueterum-
817 2632 884 2685 arti·

60 2740 143 2807 ficum
160 2754 242 2805 opera
258 2735 379 2788 uersibus
395 2735 507 2789 Graecis
523 2735 658 2789 illustrata
676 2734 760 2787 oculis
778 2736 883 2804 conspi-
