2244 3370
224 233 257 285 38
547 244 671 287 nrvnnn

183 328 202 369 v
224 393 307 456 gnata
318 387 411 440 Venus
430 386 593 441 exclamauit
604 388 649 441 uel
661 389 778 442 maxime
793 386 929 457 ‘Psychen
941 387 1002 453 ille,
1026 398 1057 438 to
1100 360 1101 441 l

223 494 299 531 meae
312 477 415 530 formae
428 477 583 541 succubam,
597 479 652 531 mei
664 478 782 532 nominis
792 478 926 536 aemulam
936 496 1004 532 uere
1100 462 1101 535 l

223 568 326 636 diligit!
348 566 474 621 nimirum
492 567 561 621 illud
577 568 775 622 incrementum
786 568 876 621 lenam
891 585 935 622 me
947 585 1002 638 pu·

224 658 303 720 tauit,
324 658 401 713 cuius
418 665 571 712 monstratu
588 657 707 728 puellam
718 658 792 711 illam
804 656 1001 727 cognosceret‘.

175 740 208 791 29
294 748 370 801 Haec
400 749 532 817 quiritans
561 748 710 819 properiter
739 749 853 817 emergit
883 765 897 801 e
933 749 1004 801 mari

227 855 358 907 suumque
383 838 507 908 protinus
531 856 643 893 aureum
660 838 809 892 thalamum
826 839 896 908 petit
913 846 941 892 et
958 857 1004 892 re·
1100 822 1101 839 ¹

227 937 317 999 perto,
343 929 413 982 sicut
439 930 574 992 audierat,
600 936 711 996 aegroto
729 945 813 998 puero
830 928 885 981 iam
903 928 1005 982 indea

228 1019 331 1074 foribus
349 1036 430 1088 quam
449 1020 564 1074 maxime
580 1019 667 1073 boans
681 1014 813 1073 ‘honesta’
827 1017 1004 1088 inquit‘haec

229 1116 257 1163 et
283 1109 418 1164 natalibus
445 1110 544 1163 nostris
573 1110 715 1179 bonaeque
742 1117 805 1163 tuae
833 1109 907 1178 frugi
935 1126 1004 1163 con·
1026 1119 1039 1157 5

229 1200 375 1270 gruentiai
391 1209 423 1254 nt
434 1201 551 1270 primum
562 1200 672 1269 quidem
690 1207 753 1253 tuae
771 1199 900 1269 parentis,
920 1200 1004 1253 immo

229 1289 355 1344 dominae
372 1298 516 1360 praecepta
533 1290 649 1345 calcares
666 1307 716 1343 nec
735 1289 851 1343 sordidis
864 1288 1005 1342 amoribus

228 1380 366 1434 inimicam
378 1397 465 1434 meam
478 1381 622 1444 cruciares,
642 1397 738 1434 uerum
750 1379 832 1432 etiam
843 1380 895 1432 hoc
906 1379 1005 1432 aetatis

229 1488 297 1541 puer
313 1470 368 1524 tuis
386 1469 534 1524 licentiosis
552 1477 580 1524 et
597 1471 748 1524 immaturis
759 1469 886 1539 iungeres
899 1469 1005 1540 ample·

228 1562 319 1625 nibus,
339 1568 370 1615 ut
388 1577 439 1630 ego
457 1578 555 1617 nurum
574 1560 677 1614 scilicet
688 1560 833 1614 tolerarem
844 1559 1001 1613 inimicam?
1027 1564 1056 1604 ¹⁰

229 1653 279 1707 sed
296 1652 390 1721 utique
407 1652 555 1721 praesumis
574 1668 647 1721 nugo
665 1658 692 1703 et
704 1658 846 1720 corruptor
858 1656 886 1703 at
896 1650 1005 1702 inama-

230 1742 294 1797 bilis
311 1749 337 1795 te
357 1740 444 1795 solum
461 1757 623 1810 generosum
640 1758 690 1795 nec
706 1757 749 1795 me
761 1741 875 1810 iamper
887 1745 1007 1792 aetatem

230 1850 309 1903 posse
322 1831 473 1901 concipere.
494 1831 576 1886 uelim
593 1847 658 1900 ergo
677 1831 746 1884 scias
763 1829 849 1884 multo
867 1838 894 1882 te
907 1829 1006 1883 melio-

230 1941 288 1977 rem
306 1922 391 1977 filium
409 1922 492 1976 alium
510 1923 675 1991 genituram
697 1921 793 1982 immo,
813 1927 845 1973 ut
860 1927 1006 1973 contume-

231 2014 295 2067 liam
312 2013 398 2082 magis
417 2012 527 2076 sentias,
548 2011 665 2082 aliquem
678 2011 712 2064 de
729 2010 797 2064 meis
815 2010 1007 2080 adoptaturam
1028 2023 1057 2064 15
1100 2036 1101 2087 Ι

231 2103 353 2158 uernulis
370 2103 449 2173 eique
462 2103 623 2157 donaturam
640 2102 706 2155 istas
724 2100 823 2171 pinnas
840 2106 868 2153 et
882 2098 1006 2152 flammas
1100 2090 1101 2169 Ι

230 2203 260 2249 et
276 2212 369 2248 arcum
387 2201 414 2246 et
431 2194 502 2262 ipsas
519 2192 631 2261 sagittas
647 2198 676 2245 et
688 2207 796 2244 omnem
807 2205 895 2243 meam
914 2188 1006 2257 supel-

232 2284 359 2347 lectilem,
374 2301 454 2353 quam
466 2282 518 2336 tibi
536 2299 592 2335 non
605 2282 640 2335 ad
655 2281 704 2334 hos
716 2298 783 2341 ¹usus
796 2280 933 2333 dederam.
955 2294 1006 2331 nec

230 2375 305 2429 enim
323 2375 356 2428 de
375 2373 459 2444 patris
476 2373 517 2425 tui
534 2371 614 2425 bonis
635 2370 672 2425 ad
692 2370 901 2424 instructionem
925 2368 1006 2421 istam

233 2436 387 2492 A...-

287 2538 407 2590 ³0ule=
423 2537 501 2590 pers·
518 2536 522 2589 1
541 2539 579 2588 ille
601 2535 605 2588 Ι
626 2536 651 2578 31
668 2535 782 2588 aluereF‚
797 2532 998 2581 aidalFoutsn

233 2612 295 2655 lhec
311 2611 316 2665 Ι
334 2613 429 2665 tegroto
446 2611 450 2662 Ι
470 2612 541 2653 turis
555 2607 614 2658 nc.-
628 2613 667 2660 tue
686 2607 691 2660 Ι
711 2606 737 2649 12
749 2605 853 2677 generosi
868 2603 926 2654 Flo:
941 2617 1007 2656 gene·

229 2698 278 2728 roas
295 2682 300 2738 Ι
321 2684 346 2727 13
357 2685 445 2727 meliore
456 2686 502 2734 sp:
517 2683 604 2724 meliore
622 2679 627 2732 Ι
648 2681 778 2722 treantina·
796 2675 800 2730 Ι
822 2677 1007 2726 ltuernulissp:

233 2758 336 2799 uernulos
