2244 3370
249 288 279 336 14
571 296 688 337 arvum

204 380 221 421 V

249 439 379 503 dolorem,
399 438 450 491 tibi
468 455 534 491 uero
553 456 687 492 summum
700 439 805 493 creabis
817 436 947 493 exitium'
970 458 1019 494 an-

248 530 308 583 nuit
326 536 353 582 et
371 547 404 582 ex
422 528 533 582 arbitrio
552 528 641 581 mariti
660 545 687 581 se
707 528 839 582 facturam
863 530 1016 600 spopondit.

248 619 297 672 sed
308 636 340 672 eo
355 618 434 672 simul
446 636 507 672 cum
521 626 600 672 nocte
611 617 714 688 dilapso
725 619 796 673 diem
806 626 895 673 totum
903 619 1020 674 lacrimis

248 726 279 762 ac
297 708 474 779 plangoribus
491 708 596 763 misella
612 710 756 774 consumit,
777 727 805 763 se
819 728 892 763 nunc
904 711 1018 765 maxime

248 817 358 869 prorsus
375 799 476 869 perissa
494 799 604 864 iterans,
625 816 694 869 quae
712 800 786 853 beati
802 800 915 854 carceris
928 808 1020 854 custo·
1040 816 1069 855 15
1111 796 1112 863 l

248 890 292 943 dia
319 897 411 959 saepta
435 899 463 944 et
485 890 619 943 humanae
643 891 858 944 conuersationis
885 891 1019 960 colloquio

247 980 361 1034 uiduata
376 998 427 1034 nec
440 980 578 1033 sororibus
594 980 721 1049 [quidem]
738 982 793 1035 suis
807 982 840 1035 de
853 999 881 1035 se
893 998 1019 1034 maeren·
1111 998 1112 1047 Ι

247 1071 321 1124 tibus
339 1087 417 1140 opem
436 1071 581 1124 salutarem
599 1070 670 1124 ferre
688 1088 719 1124 ac
738 1089 772 1124 ne
791 1071 886 1125 uidere
899 1088 944 1124 eas
957 1072 1019 1141 qui·

248 1162 308 1215 dem
327 1161 438 1214 omnino
450 1169 551 1231 posset.
583 1178 633 1214 nec
646 1161 753 1216 lauacro
766 1180 817 1216 nec
830 1163 889 1216 cibo
902 1179 952 1215 nec
964 1161 1020 1215 ulla
1111 1224 1112 1237 Ι

248 1251 366 1320 danique
383 1250 532 1305 refectione
550 1260 680 1316 recreata,
702 1251 772 1306 flens
789 1253 907 1306 ubertim
926 1253 1018 1307 deees·
1039 1273 1069 1315 20

214 1349 229 1398 6
248 1341 282 1394 sit
300 1342 335 1395 ad
353 1359 485 1395 somnum.
524 1358 574 1395 nec
592 1358 681 1406 mora,
708 1358 769 1394 cum
787 1342 868 1412 paulo
887 1342 1019 1396 maturius

246 1430 346 1484 lectum
359 1430 472 1485 maritus
483 1433 618 1485 accubans
630 1449 744 1502 eamque
757 1432 837 1486 etiam
850 1449 923 1486 nuno
938 1432 1020 1486 lacri-

246 1528 365 1574 mantem
384 1520 540 1591 complexua
565 1523 602 1576 sic
627 1522 780 1591 expostulat
806 1520 929 1577 ‘haecine
952 1523 1019 1577 mihi

246 1610 417 1681 pollicebare,
437 1611 543 1681 Psyche
555 1617 634 1665 mea?
652 1612 720 1682 quid
730 1613 786 1666 iam
798 1613 832 1666 de
844 1621 871 1666 te
883 1623 948 1667 tuus
960 1631 1020 1667 ma-

246 1701 315 1754 ritus
332 1705 465 1771 expecto?
489 1702 556 1771 quid
574 1707 674 1771 spero‘l
697 1709 725 1756 et
747 1704 841 1773 perdia
862 1712 890 1757 et
913 1720 1020 1773 pernox
1040 1723 1054 1762 s
1111 1740 1112 1807 Ι

246 1809 296 1845 nec
314 1791 387 1845 inter
404 1791 543 1862 amplexus
561 1792 718 1860 coniugales
737 1793 838 1847 desinis
856 1793 1017 1847 cruciatum.

246 1899 296 1951 age
309 1882 362 1935 iam
374 1899 447 1935 nunc
459 1889 490 1935 ut
501 1881 587 1947 uoles,
608 1890 636 1936 et
647 1882 737 1936 animo
749 1893 798 1937 tuo
812 1883 942 1937 damnosa
954 1900 1019 1953 pos·

246 1973 318 2027 centi
337 1979 447 2043 pareto!
467 1981 574 2026 tantum
591 1973 746 2027 memineris
763 1990 839 2027 meae
858 1973 942 2026 seriae
958 1990 1021 2026 mo·

246 2062 373 2126 nitionis,
397 2080 459 2116 oum
476 2063 597 2133 coeperis
615 2080 675 2116 sero
693 2046 850 2133 paenitere?
886 2071 953 2116 tunc
971 2063 1021 2118 illa

247 2153 372 2223 precibus
390 2160 418 2206 at
435 2153 500 2206 dum
519 2170 547 2205 se
565 2152 724 2205 morituram
735 2153 915 2207 comminatur
927 2162 1018 2208 extor·
1042 2168 1072 2209 ro

246 2252 312 2314 quet
329 2261 346 2297 a
362 2243 459 2296 marito
477 2243 576 2312 cupitis
594 2242 711 2306 adnuat,
737 2250 769 2297 ut
786 2260 891 2297 sorores
912 2244 1018 2310 uideat,

245 2334 335 2387 luctus
347 2333 474 2397 mulceat,
489 2350 538 2386 ora
549 2332 680 2386 conferat.
706 2332 745 2387 sic
757 2333 802 2387 ille
814 2351 902 2388 nouae
915 2342 1020 2405 nuptae

245 2423 372 2495 precibus
390 2417 497 2476 ueniam
515 2422 613 2477 tribuit
630 2431 658 2477 et
675 2422 787 2493 insuper
800 2424 1020 2496 quibuscumque

302 2658 327 2699 13
338 2669 363 2698 eo
372 2655 417 2697 1r¹,·
429 2669 455 2697 ea
463 2655 485 2695 F
499 2654 503 2707 Ι
521 2656 546 2696 14
555 2655 651 2707 maximo
662 2654 667 2709 Ι
686 2655 710 2695 16
720 2661 782 2706 septa
793 2656 796 2706 Ι
808 2657 902 2696 humane
914 2654 918 2707 Ι
931 2655 956 2694 l'l
967 2659 1022 2707 qui·

246 2733 293 2772 dem
304 2730 346 2771 dot.
358 2728 475 2770 Michaelis
486 2727 490 2781 Ι
502 2727 634 2770 merentibus
646 2726 651 2779 Ι
663 2727 689 2769 le
698 2738 759 2778 posse
772 2725 776 2781 Ι
787 2729 875 2770 laurera
884 2727 906 2768 Ρ
912 2729 996 2777 roms
1002 2732 1012 2776 ΙΙ

246 2803 358 2855 bparfldia
369 2799 374 2855 Ι
386 2803 503 2848 Stamen3
514 2798 518 2854 Ι
530 2801 542 2844 9
552 2802 634 2851 ceperis
646 2796 650 2853 Ι
662 2800 759 2870 pepitere

191 3050 813 3354 sim
