2244 3370
289 259 328 300 DE
347 259 461 300 PSYOHE
480 259 516 300 ΕΤ
537 259 677 300 CVPIDINE
834 251 864 301 67

94 399 217 456 maritale
236 401 411 457 obumbrauit
427 401 579 471 imperium.
609 403 726 473 Zephyri
740 420 803 472 ergo
816 404 867 458 fla-

94 493 201 549 brautis
220 511 285 547 aura
302 493 446 547 anhelante
461 496 590 559 [uectura]
605 494 641 547 ad
653 502 738 548 semet
750 495 868 548 sororios
883 484 889 493 ’

94 586 221 657 perducit
232 585 364 649 adfectus,
384 601 530 653 earumque
542 585 687 637 ueneuosis
701 584 821 638 consiliis
834 585 868 638 de

95 675 185 731 mariti
203 676 290 729 forma
307 676 463 747 quaerenda
487 668 660 729 consentiens
684 674 868 728 curiositatem

20 818 24 831 ,
95 785 161 821 suae
180 766 274 820 salutis
292 783 436 820 nouercam
451 765 586 835 [adripuit]
603 773 630 819 et
642 765 797 820 facillimam
810 782 869 819 cre-
888 774 919 814 to

97 858 253 920 dulitatem,
279 874 347 926 quae
371 874 476 927 semper
498 855 689 926 deceptionum
713 866 799 910 mater
818 863 867 919 est,

96 947 248 1020 postposito
275 946 396 1001 cautelae
427 946 554 1015 suffragio
585 940 718 1017 adripuit,
751 947 869 1015 denique

97 1039 212 1093 credens
231 1038 368 1091 sororibus
386 1055 415 1091 se
432 1037 530 1091 marito
549 1037 669 1107 serpenti
688 1037 868 1101 coniunctam,
921 1050 926 1055 ·

97 1129 176 1183 uelut
187 1127 300 1182 bestiam
312 1128 490 1181 interfectura
502 1128 665 1181 nouaculam
678 1129 729 1181 sub
742 1127 871 1197 puluinar

98 1218 242 1275 abscondit
259 1217 454 1289 lucernamque
471 1218 563 1272 modio
587 1217 716 1287 contegit.
755 1235 870 1286 cumque
890 1222 921 1261 45

98 1311 183 1365 altum
202 1326 325 1379 soporem
343 1309 455 1362 maritus
473 1309 646 1372 extenderet,
671 1308 718 1362 illa
735 1308 809 1361 ferro
827 1325 872 1360 ar-

98 1409 174 1454 mata
195 1399 361 1469 lucernaque
385 1399 478 1452 modio
502 1398 608 1453 custodi
635 1408 713 1452 eruta
736 1398 872 1468 Cupidine

100 1491 210 1561 cognito
229 1491 293 1543 dum
311 1489 464 1543 inmodesto
487 1488 586 1542 amoris
609 1496 728 1543 torretur
751 1488 871 1552 adfectu,
922 1524 924 1531 ·

101 1580 273 1635 scintillantis
286 1580 338 1633 olei
352 1580 560 1649 desputamento
573 1580 698 1633 maritum
718 1578 873 1643 subiendit,

101 1672 264 1742 fugiensque
277 1670 384 1740 Cupido
397 1670 482 1724 multa
495 1687 575 1739 super
594 1670 749 1724 curiositate
767 1668 874 1740 puellae
895 1678 924 1718 50

102 1761 267 1832 increpitans
281 1762 362 1815 domo
376 1769 510 1814 extorrem
523 1778 554 1814 ac
565 1759 707 1829 profugam
718 1758 872 1829 dereliquit.

101 1855 211 1909 taudem
236 1853 327 1906 multis
350 1852 477 1905 iactatam
500 1850 615 1902 Veneris
638 1849 876 1919 persecutionibus

63 1985 65 1990 .
101 1955 196 2014 postea
214 1943 282 1997 Ioue
299 1952 409 2012 petente
428 1944 457 1996 in
475 1941 633 2009 coniugium
652 1939 763 2010 accepit.

153 2036 279 2089 Poteram
302 2032 413 2103 quidem
436 2032 519 2085 totius
543 2030 652 2084 fabulae
678 2029 802 2089 ordinem
825 2030 876 2084 hoc

102 2123 194 2179 libello
212 2140 379 2193 percurrere,
399 2122 514 2192 qualiter
527 2129 555 2174 et
566 2121 602 2174 ad
613 2121 750 2174 infernum
762 2120 878 2174 descen·
897 2130 927 2168 55

103 2216 174 2270 derit
191 2223 219 2268 et
239 2232 272 2268 ex
291 2212 393 2284 Stygiis
418 2213 496 2282 aquis
518 2212 644 2265 urnulam
667 2211 829 2266 delibauerit
850 2218 878 2264 et

104 2306 174 2360 Solis
191 2314 314 2358 armenta
331 2303 431 2357 uellere
449 2302 608 2372 spoliauerit
626 2311 654 2355 et
669 2302 802 2356 seminum
814 2317 877 2369 ger-

103 2396 178 2451 mina
195 2395 308 2450 confusa
325 2393 485 2449 discreuerit
508 2401 535 2446 et
560 2393 593 2447 de
612 2392 790 2463 Proserpinae
815 2392 877 2462 pul-

104 2486 258 2542 chritudine
270 2485 429 2555 particulam
441 2484 573 2537 moritura
584 2482 808 2554 praesumpserit3
829 2481 878 2535 sed

104 2578 169 2648 quia
195 2577 261 2630 haec
287 2575 452 2630 saturantius
479 2573 612 2644 Apuleius
641 2590 728 2644 paene
759 2573 875 2626 duorum
897 2580 927 2621 60

104 2667 272 2722 coutinentia
290 2666 421 2720 librorum
439 2671 544 2718 tantam
561 2663 709 2717 falsitatum
723 2664 877 2733 congeriem

104 2758 241 2814 enarrauit
267 2766 295 2812 et
320 2757 528 2826 Aristophontes
555 2755 715 2808 Athenaeus
743 2754 772 2806 in
801 2753 878 2807 libris

707 2858 757 2913 .5*
